2462 3403
989 247 1115 317 «vx-§ff
1133 250 1473 304 LXXXVII.
1494 251 1620 319 >iq-4*

377 400 489 464 que
552 394 789 438 vertere
836 370 1220 439 molientem
1248 376 1374 462 quis
1408 375 1587 439 sanus
1630 373 1945 441 existimet
1992 376 2068 442 ad
2126 378 2229 442 bo-

373 534 598 574 narum
644 510 868 575 artium
912 510 1275 597 profectum
1329 511 1566 599 aliquid
1606 511 1922 576 momenti
1978 511 2225 588 habere,

370 670 499 711 non
551 670 817 733 eamque
865 646 1069 734 potius
1116 648 1290 713 velut
1346 648 1697 736 perniciem
1730 696 1745 723 ,
1814 647 1895 715 &t
1962 647 2225 712 exitium

371 784 858 873 portendentem
923 784 1151 848 viribus
1227 785 1516 849 omnibus
1587 782 2146 872 comprimendam
2208 832 2224 860 ‚

372 920 831 1007 arcendamque
892 919 1258 984 constituat.
1332 920 1629 985 Omnem
1687 919 1764 984 ad
1826 920 1992 985 hanc
2039 918 2229 985 effre-

371 1081 523 1121 nem
576 1057 906 1122 licentiam
942 1056 1225 1132 aditum‚
1287 1057 1582 1145 religiosis
1633 1056 1860 1144 ubique
1924 1055 2092 1145 hanc
2154 1055 2222 1120 in

369 1216 508 1259 rem
559 1193 906 1259 constitutis
956 1193 1368 1258 tribunalibus
1397 1243 1413 1269 ,
1452 1192 1820 1282 praeclusum
1867 1192 1979 1257 fibi
2015 1189 2228 1274 ‘fuiss'e

371 1355 500 1395 non
553 1331 763 1396 minus
825 1330 1104 1418 gaudet,
1170 1329 1640 1418 gratulaturque
1705 1329 1889 1393 Italia
1934 1377 1951 1404 ,
2032 1351 2225 1415 quam

373 1467 728 1553 Hispania.
781 1470 924 1530 Nee
972 1467 1180 1560 minns
1224 1487 1445 1530 tamen
1505 1466 1687 1529 Italia
1742 1465 2045 1529 omnium
2094 1463 2223 1545 fere

368 1604 707 1668 nationum
757 1601 1057 1666 consensu
1103 1602 1283 1666 bonis
1331 1603 1566 1668 artibus
1641 1600 1910 1665 mirifice
1975 1601 2224 1688 semper

367 1738 619 1805 floruit.
674 1738 795 1803 Sed
835 1737 1075 1827 prorsus
1115 1738 1274 1803 illud
1325 1762 1463 1804 rem
1534 1738 1719 1803 mihi,
1754 1736 2063 1802 conficere
2129 1735 2221 1800 vi-

280 1959 282 1961 *
370 1876 586 1951 detur,
636 1875 798 1964 quod
855 1876 896 1939 fi
939 1875 1107 1962 apud
1174 1876 1508 1950 nationeS,
1572 1897 1704 1962 quae
1777 1874 2028 1938 nullum
2096 1870 2221 1939 tale

369 2013 483 2077 fibi
541 2016 758 2101 jugum
790 2061 805 2087 ,
858 2034 924 2078 ut
949 2033 1212 2087 vocant,
1249 2012 1622 2100 impositum
1664 2011 1934 2074 inaniter
1958 2008 2215 2096 glorian-

370 2171 473 2215 tur
501 2198 516 2225 ‚
566 2149 1035 2238 praeclarissima
1081 2149 1506 2237 speeiabimus
1551 2145 1787 2235 ingenii
1826 2194 1841 2221 ,
1904 2143 2219 2209 doctrinae·

372 2310 486 2373 que
537 2308 989 2361 monumenta,
1039 2286 1254 2373 quibus
1307 2286 1367 2349 se
1417 2286 1776 2374 plurim-um
1839 2280 1907 2345 in
1950 2279 2218 2350 scientiis

373 2419 705 2507 profecisse
758 2422 1305 2498 demonstrarunt,
1385 2421 1630 2487 nullum
1680 2440 1991 2496 occurret,
2057 2414 2220 2505 quod

369 2580 446 2622 ex
505 2581 575 2623 ea
635 2558 1057 2624 immoderata
1111 2559 1463 2645 cogitandi,
1523 2556 1956 2644 scribendique
2028 2554 2217 2620 licen·

374 2695 459 2759 tia
499 2694 858 2784 profee'cum
902 2695 1095 2765 videri
1126 2717 1347 2784 queat.

1958 2966 2039 3029 Pr
2048 2985 2123 3027 ae·
