2462 3403
981 284 1110 358 ⁴53⁹(
1136 287 1547 358 XXX111.3e(,4‚

358 432 478 498 quo
519 413 679 480 mira
730 414 1077 489 brevitate,
1129 410 1607 502 perspicuitate,
1651 412 1728 481 8<
1757 411 2068 500 elegantia
2110 415 2206 480 rei

302 599 307 605 .
357 545 779 637 diplomaticae
845 552 1312 626 fundamenta,
1374 549 1454 616 &3
1526 548 1766 614 semina
1840 550 2206 640 complexus

358 683 713 783 est.'Tum
760 688 1127 779 Alphonsus
1161 686 1420 751 Garzias
1465 686 1894 761 Matamorus,
1934 688 2039 776 qui
2083 708 2208 751 eru·

354 822 671 890 ditionem
732 799 1092 914 Hispanam
1152 792 1415 912 egregie*
1450 822 1798 887 vindicavit
1836 870 1852 898 ,
1912 823 1994 891 8<
2055 817 2208 887 asse-

354 961 508 1026 ruit:
551 964 770 1028 Petrus
804 962 997 1029 Rhua
1033 958 1473 1025 Numantinus
1500 1005 1516 1033 ,
1561 958 1662 1044 qui
1698 958 1945 1022 somnia
1990 956 2201 1046 dispu-

353 1096 427 1161 lit
475 1146 491 1173 ‚
567 1096 968 1188 infelicesque
1020 1117 1274 1162 conatus
1339 1090 1709 1183 compreffit
1771 1095 2077 1160 Guevarae
2142 1115 2207 1159 o-

353 1257 580 1299 mnem
648 1236 1005 1325 antiquitati
1053 1233 1253 1299 fidem
1290 1232 1585 1320 derogare
1641 1229 1976 1307 molienti,
2020 1230 2126 1295 ubi
2168 1251 2206 1297 a

355 1369 534 1437 sacris
569 1371 756 1436 literis
797 1367 1163 1439 discess'eris.
1217 1371 1371 1457 Qo
1411 1368 1620 1432 labore
1655 1368 1794 1444 ille,
1836 1389 2030 1455 quam
2069 1365 2211 1455 pul-

358 1508 501 1574 chre
548 1507 624 1573 de
665 1509 992 1597 republica
1033 1505 1306 1575 ‚literaria
1355 1503 1428 1568 fit
1477 1503 1734 1568 meritus
1811 1503 1914 1567 vel
1992 1525 2069 1567 ex
2128 1523 2208 1567 eo

351 1646 630 1735 intelligi
684 1645 931 1734 potest,
990 1643 1152 1733 quod
1203 1664 1406 1730 quum
1455 1641 1748 1728 deinceps
1805 1663 1934 1705 non
1991 1636 2208 1706 defue-

355 1785 484 1850 rint
522 1784 688 1866 inter
737 1804 1010 1858 exteros,
1057 1781 1159 1869 qui
1216 1749 1523 1845 Gue‘varae
1585 1776 1918 1843 andaciam
1975 1772 2208 1840 imitati

356 1919 675 1987 vetustatis
730 1939 1157 1997 monumenta
1224 1915 1446 1981 omnia
1513 1934 1868 2004 pervertere
1937 1904 2205 2000 aggressi

355 2058 517 2132 fint,
553 2079 773 2123 eorum
828 2057 1118 2152 insaniae,
1168 2076 1249 2118 ne
1295 2053 1359 2116 se
1411 2053 1474 2116 se
1528 2050 1712 2115 latius
1765 2046 2156 2114 diffunderet
2181 2051 2206 2124 νζ

352 2191 700 2262 doe’tiffimi
749 2193 866 2259 viri
928 2190 1312 2280 jampridem
1352 2186 1529 2254 editae
1578 2185 2051 2253 lucubrationes
2100 2203 2208 2248 ve-

351 2332 690 2398 hementer
737 2329 1140 2396 obstiterunt.

447 2467 1044 2534 Grammaticarum
1078 2469 1254 2554 jam,
1313 2485 1500 2552 atque
1561 2459 1919 2526 criticarum
1969 2456 2207 2523 institu-

353 2607 605 2673 tionum
643 2603 1016 2671 led’tiffimos
1065 2601 1357 2669 authores
1438 2599 1745 2664 habemus
1818 2597 2207 2661 Emmanue-

353 2745 486 2812 lem
541 2744 902 2820 Alvarum,
962 2739 1371 2807 Franciscum
1439 2735 1771 2802 sanetium
1810 2782 1825 2810 ,
1887 2735 2206 2797 Petrum...

354 2882 902 2959 Hunnefium‚ut
955 2879 1092 2947 illos
1140 2898 1313 2944 nunc
1389 2894 1754 2967 praeteteam
1781 2919 1803 2950 ‚
1870 2893 2015 2957 quos
2073 2869 2204 2955 jam

1098 3016 1157 3080 E
1834 3004 2108 3097 superius
