2462 3403
996 305 1121 375 ωε(
1143 303 1486 393 ιπηιχφ

321 428 597 520 paravit.
645 427 857 515 Atque
900 426 967 493 hi
1001 428 1312 494 universas
1365 425 1619 515 quidem
1678 428 2159 502 Ecclefiarum

323 563 838 652 Hispanienfium
898 586 990 629 res
1044 565 1281 630 executi
1332 563 1512 628 funt.
1561 560 1755 658 Quod
1799 586 2016 636 autem
2084 568 2162 642 ad

324 699 588 785 lingulas
635 721 834 787 partes
884 699 1187 786 pertinet,
1238 683 1454 762 Petrus
1493 698 1569 762 de
1604 698 1920 773 Sandoval
1961 703 2032 774 in
2076 726 2164 766 te-

329 833 646 906 censendis
682 832 1193 923 Pampelonenfis
1229 833 1516 906 Ecclefiae
1546 834 1869 922 Episcopis
1892 885 1905 909 ,
1939 840 2014 907 ὃς
2040 838 2167 909 Ga-

328 968 484 1033 briel
514 967 590 1032 de
636 966 806 1034 Seffe
845 970 909 1033 in
943 967 1390 1041 Barbastrenfis
1428 968 1833 1057 Episcopatus
1864 971 2170 1047 illustran-

328 1103 406 1169 da
446 1102 700 1176 historia
750 1103 994 1168 nemini
1046 1104 1336 1192 Ρτοϊεᾶὶο
1385 1100 1725 1170 cesset-unt.
1768 1106 2050 1194 Michae'l
2095 1106 2172 1179 de

331 1239 568 1313 Salinas
632 1239 980 1305 adventum
1017 1239 1252 1304 Christi
1297 1240 1573 1303 Domini
1605 1288 1620 1311 ,
1652 1263 1722 1304 ac
1754 1243 1914 1332 Divi
1951 1242 2173 1326 Jacobi

335 1373 849 1464 praedicationem
893 1375 955 1438 in
997 1375 1313 1463 Hispania
1352 1375 1639 1441 adversus
1673 1377 2023 1442 Cardinalis
2058 1338 2176 1452 Ba-

336 1510 499 1574 ronii
534 1509 905 1598 opinionem
948 1506 1434 1576 luculentissime
1477 1510 1858 1582 vindicavit.
1898 1511 2182 1578 Balthass·

327 1643 430 1718 ,sat
490 1647 811 1720 Potvens‚
881 1646 960 1712 8<
1016 1647 1224 1711 Petrus
1287 1643 1552 1718 Salassat·
1613 1645 1689 1714 de
1736 1648 2045 1743 Mendosa
2104 1644 2183 1711 de

341 1777 668 1858 Toletanis
719 1780 1224 1869 Archiepiscopis
1267 1782 1466 1848 multa
1504 1805 1657 1847 cum
1698 1783 1885 1871 'laude
1916 1783 2183 1852 scribere

344 1914 603 2005 adgreffi
636 1915 818 1989 sunt,
870 1916 1273 2006 ipsorumque
1313 1917 1580 2007 vestigiis
1619 1918 2055 2014 gloriofiflime
2093 1919 2187 1995 in„-

344 2053 628 2118 stiteruut
662 2050 978 2138 Johannes
1014 2055 1319 2129 Marieta,
1348 2054 1430 2120 &
1460 2052 1743 2125 Didacus
1770 2056 1858 2147 de
1874 2055 2187 2141 Castejon,

346 2211 621 2276 quorum
679 2188 918 2278 primus
969 2188 1300 2254 Toletanis
1363 2189 1862 2279 Archiepiscopis
1916 2190 2190 2267 Santsto-

349 2348 491 2390 tum
535 2324 857 2413 Hispaniae
907 2325 1261 2411 catalogum
1314 2325 1585 2403 addidit;
1627 2325 1781 2390 alter
1842 2325 2185 2410 ejusdem-

350 2460 680 2529 Toletanae
719 2460 1010 2525 Ecclefiae
1051 2461 1344 2538 initium,
1383 2463 1461 2528 ὅζ
1497 2462 1890 2526 incrementa
1938 2462 2188 2530 investi-

351 2596 549 2686 gavit.
588 2598 895 2683 Magnam
928 2619 1175 2685 quoque
1205 2597 1479 2662 nominis
1511 2595 1937 2674 celebritatem
1980 2598 2187 2688 adepti

355 2733 495 2798 sunt
529 2733 593 2797 in
631 2730 1072 2798 conscribenda
1113 2732 1367 2821 quidem
1399 2732 1810 2799 Cordubensis
1862 2734 2193 2812 Ecclefiae,'

344 2893 425 2939 ac
455 2873 577 2956 ejus
601 2868 939 2934 Praesulum
964 2867 1207 2964 historia
1242 2869 1657 2936 Bernardinus
1689 2871 1764 2935 de
1790 2869 2098 2964 Al-deteteg
2127 2873 2192 2937 in

1960 3031 2106 3074 61]ῑῖ-
