2462 3403
949 285 1076 356 φωρ(
1099 280 1395 339 XXXVII.
1418 288 1544 358 >3934-

325 416 517 482 Italos
557 461 572 489 ‚
622 413 743 476 sive
803 410 1059 489 Gallos,
1115 410 1237 476 five
1287 412 1646 478 Germanos
1700 408 1956 498 optima:
2015 431 2181 477 notae

322 553 660 640 Scriptores
694 549 1011 626 consulaS,
1057 571 1280 615 eorum
1324 572 1519 637 opera
1571 546 2012 635 Hispanorum
2050 547 2175 614 lau·

323 690 549 762 dibus,
598 686 1030 774 encomiisque
1083 688 1272 775 plena
1325 688 1606 752 invenies
1637 743 1650 754 .
1710 687 1799 749 At
1848 684 2011 750 dicet
2044 686 2170 773 quis

321 825 649 914 postremis
697 822 918 887 saltem
972 823 1145 888 hisce
1199 822 1425 888 seculis
1497 823 1924 888 imminutum
1992 819 2176 888 fuisse

323 961 690 1050 praeclarum
739 958 897 1026 illud
942 961 1268 1026 literarum
1316 960 1630 1037 studium,
1701 983 1772 1023 ac
1834 981 1989 1024 caeca
2037 982 2170 1047 qua÷

320 1099 471 1164 dam
517 1097 780 1185 caligine
856 1098 1127 1164 illorum
1160 1097 1389 1162 animis
1440 1096 1650 1164 offusa
1694 1096 2027 1185 paullatim
2098 1123 2177 1162 a..

319 1236 497 1301 bonis
545 1234 778 1300 artibus
827 1235 1060 1301 alienos
1113 1235 1311 1300 faci-os
1360 1287 1374 1302 .
1440 1237 1580 1324 Ego
1629 1257 1778 1299 vero
1848 1255 2173 1321 nunquam

320 1368 740 1438 intermiffam
782 1373 1100 1460 optimam
1145 1373 1326 1437 illam
1372 1371 1730 1439 studiorum
1795 1373 2111 1436 rationem
2157 1419 2174 1446 ‚

319 1509 757 1600 Hispanosque
787 1509 906 1574 hac
945 1497 1161 1576 nostra*
1200 1531 1380 1575 aetate
1430 1514 1747 1597 maiorum
1797 1507 2050 1574 suorum
2087 1511 2173 1574 se·

259 1707 270 1717 .
314 1647 495 1712 dulos
545 1649 735 1736 usque
786 1647 1133 1714 imitatores
1191 1644 1376 1712 fuiffe
1424 1644 1955 1728 contendonseu
2021 1645 2171 1711 divi-

317 1807 579 1861 narum,
634 1785 736 1852 seu
781 1785 1196 1874 profanarum
1243 1807 1455 1851 rerum
1500 1783 1932 1873 cognitionem
1968 1780 2171 1871 perse·

321 1924 448 1989 cuti
498 1923 659 1988 sint.
708 1924 808 1989 Ac
855 1923 896 1989 fi
931 1922 1008 1989 de
1049 1922 1459 2010 Theologicis
1498 1971 1513 1997 ‚
1554 1921 1804 2010 quidem
1831 1919 2170 2008 disciplinis

300 2059 486 2148 'loqui
521 2063 691 2146 juvet
751 2083 880 2125 non
929 2084 1212 2149 unquam
1271 2026 1521 2125 defuere
1569 2081 1835 2148 quorum
1876 2059 1938 2122 in
1989 2057 2168 2122 sactis

319 2197 800 2286 interpretandis
859 2198 1167 2287 scripturis
1232 2197 1661 2287 diligentiam,
1731 2194 1832 2260 vel
1882 2195 1946 2259 in
1993 2165 2169 2260 tuen-¹

318 2334 406 2401 dis
452 2335 825 2401 Christianae
863 2336 1175 2424 religionis
1237 2335 1557 2425 principiis
1591 2382 1605 2410 ,
1668 2322 1747 2401 SC
1816 2330 2168 2398 refellendis

314 2474 776 2538 Haereticorum
816 2468 818 2471 ’
853 2473 1352 2539 cavillationibus
1414 2471 1818 2537 subtilitatem
1864 2520 1879 2547 ,
1934 2492 2165 2558 atque-2.

316 2609 738 2676 constantiam
805 2613 904 2675 vel
946 2611 1213 2700 denique
1275 2613 1345 2674 in
1402 2632 1665 2675 motum
1713 2607 2004 2673 dodirina
2057 2631 2160 2672 ex·

308 2746 639 2841 ‘plicandffi
704 2750 784 2819 Sc
852 2748 1161 2815 tradendis
1232 2747 1556 2814 sanffioris
1622 2747 1765 2812 vitae
1847 2744 2164 2834 praeceptis

317 2885 739 2971 gravitatem,
777 2886 1279 2977 sapientiamque
1331 2907 1715 2976 magnopere
1780 2880 2163 2950 laudandam

1852 3040 2024 3109 putes
2056 3070 2069 3084 .
