2462 3403
983 277 1107 348 Q(
1127 276 1475 346 nup&

340 435 477 478 rum
518 430 704 499 opera
733 454 748 483 ,
776 407 856 473 81
877 403 1114 469 labotes
1144 422 1462 468 tantorum
1492 398 1834 464 homiuum
1871 395 2173 463 laudatio-

341 571 493 615 nem
523 545 927 612 adornarem.
973 539 1201 625 Aliqua
1246 536 1441 601 etiam
1468 535 2051 622 exponerem-circa
2105 534 2175 596 li-

345 703 682 748 teratorum
721 678 998 742 vitorum
1033 671 1433 746 Academias,
1465 692 1595 757 quae
1632 669 1740 733 sub
1784 669 2026 756 inclyto
2049 670 2179 732 Re-

348 843 418 907 ge
463 812 858 881 Fetdiuaudo
890 812 1000 875 VI¹
1068 801 1665 873 munificentiffimo
1712 805 2027 868 bonarum
2087 825 2180 866 at-

346 961 507 1020 tium
567 957 828 1039 patrono
887 943 1233 1031 identidem
1284 940 1628 1006 excitantur
1690 941 1759 1003 in
1813 938 2118 1027 Hispania
2165 987 2177 1001 .

342 1087 531 1180 Qtod
564 1087 607 1149 fi
647 1085 919 1148 facerem
944 1081 1288 1166 ,sperarem
1323 1074 1610 1163 profeeffl)
1633 1074 1797 1149 fore,
1838 1097 1905 1140 ut
1957 1096 2182 1138 eorum

348 1245 645 1289 numerus
684 1269 700 1295 ‚
764 1218 867 1306 qui
910 1213 1200 1280 andasta
1220 1214 1405 1276 nimis
1439 1211 1702 1275 incultos
1728 1260 1742 1286 ,
1778 1210 2183 1305 barbarosque

343 1359 677 1448 praedicant
736 1352 1055 1441 Hispanos
1085 1398 1101 1423 ,
1153 1371 1386 1438 magna
1420 1369 1493 1412 ex
1536 1369 1711 1435 parte
1754 1346 2173 1410 minueretur.

441 1493 762 1559 Hffienus
812 1487 886 1552 de
942 1486 1275 1550 Histoticis
1323 1534 1337 1560 ,
1385 1484 1451 1547 in
1513 1483 1729 1570 quibus
1790 1504 2188 1545 commemo·

341 1629 542 1697 randis
604 1625 830 1692 diutius
912 1617 1166 1686 fortaffe
1260 1619 1399 1683 sum
1467 1618 1836 1681 immoratus
1891 1666 1906 1692 ,
1997 1638 2187 1704 quam

342 1791 430 1832 res
476 1763 836 1854 postulatet3
904 1756 1235 1823 tranfitum
1280 1777 1452 1819 nunc
1512 1752 1746 1817 faciam
1808 1753 1884 1818 ad
1960 1750 2189 1817 Medi-

344 1926 492 1968 cos,
559 1901 695 1963 Hos
748 1896 791 1960 si
843 1894 1075 1960 vellem
1136 1890 1455 1957 recensere
1533 1910 1754 1954 omues
1804 1937 1819 1963 ‚
1907 1888 2030 1954 dies
2084 1911 2188 1952 me

344 2038 580 2128 potius,
621 2054 812 2121 quam
861 2030 1059 2096 oratio
1091 2028 1383 2093 deficeret
1415 2024 1788 2089 :nonnullos
1833 2024 2022 2111 igitur
2063 2045 2187 2088 tan·

348 2196 486 2239 tum
535 2170 735 2233 obiter
783 2165 1111 2238 indicabO,
1146 2185 1214 2229 ut
1247 2163 1302 2226 ei
1357 2160 1605 2225 coastus
1660 2159 2001 2225 inserviam
2052 2160 2187 2224 bre-

347 2308 562 2382 vitati,
611 2326 798 2392 quam
841 2300 1090 2387 hujusce
1153 2298 1454 2385 temporis
1505 2272 1985 2360 circumstantiae
2034 2318 2189 2383 prae·

348 2443 622 2508 scribunt
674 2438 875 2502 mihi:
920 2458 1056 2500 rem
1115 2433 1324 2500 statim
1387 2431 1869 2520 adgrediamur.
1950 2433 2189 2520 Quan-

348 2600 495 2644 tum
540 2573 838 2662 Hispanis
885 2570 1244 2637 authoribus
1295 2566 1589 2633 medendi
1633 2589 1723 2630 ars
1769 2561 2188 2654 praestantiffi-

352 2736 460 2778 ma
507 2712 726 2776 debeat
779 2707 879 2773 vel
947 2706 1061 2794 ipfi
1101 2705 1377 2770 fatentur
1423 2703 1564 2770 Itali
1592 2728 1606 2777 ;
1652 2703 2187 2790 primas‘autem..⁴

356 2868 575 2914 tenent
608 2895 623 2924 ,
673 2867 738 2911 ut
783 2841 1152 2911 excellentes
1210 2840 1328 2907 hac
1385 2840 1452 2904 in
1509 2860 1572 2904 te
1630 2836 1985 2903 existimant
2034 2835 2185 2909 viri,

1845 2972 2096 3034 Reman
