2462 3403
1057 283 1452 352 *bjeqLV.}e(·{-†

322 410 415 476 vit
481 408 581 474 vel
628 392 795 474 extra
848 407 1230 497 Hispaniam
1259 429 1511 497 propter
1542 405 1779 472 editam
1832 407 1907 471 ab
1958 408 2017 472 se
2052 411 2165 474 Lo-

321 549 527 633 gicam
558 594 572 620 ,
613 545 1031 633 Phyficasque
1069 542 1557 618 differtatione3‚
1605 566 1750 632 quas
1780 544 1843 607 in
1880 542 2028 607 duos
2076 565 2168 608 to-

319 705 455 746 mos
488 681 824 746 distribuit.
877 682 1085 769 Hujus
1127 682 1243 745 viri
1277 703 1516 746 nomen
1551 679 1837 767 plurimis
1880 676 2159 745 efferunt

316 818 594 884 laudibus
637 816 1226 884 DiariiVParifieufis
1275 816 1587 882 authores.
1652 814 1957 879 Mathaeus
2027 816 2165 903 Ay-

316 955 579 1019 mericus
625 952 691 1016 in
723 952 1171 1018 Barcinonenfi
1201 955 1335 1018 Soc.
1380 951 1526 1036 Jesu
1564 949 1851 1039 Collegio
1904 950 2148 1016 Schola.
2245 1011 2248 1014 ,

313 1091 476 1155 sticae
516 1087 886 1179 Theologiae
923 1087 1238 1155 Professor
1287 1089 1453 1154 inter
1483 1089 1722 1177 optime
1776 1086 2038 1153 meritos
2087 1087 2162 1154 de

312 1226 718 1315 Philosophia
748 1230 875 1314 jure
896 1226 1326 1292 numerandus
1346 1225 1460 1291 erit
1491 1226 1573 1289 ob
1603 1225 1734 1290 suas
1758 1274 1771 1300 ,
1821 1247 1964 1312 quas
2007 1223 2158 1289 duo·

310 1365 421 1429 bus
451 1363 529 1429 ab
565 1363 716 1428 hinc
747 1364 922 1428 annis
963 1362 1232 1452 scripsit,
1282 1361 1689 1451 prolufiones,
1746 1361 2154 1426 Germanum

313 1521 468 1566 verae
515 1492 933 1588 Philosophiae
966 1499 1288 1588 specimen
1347 1500 1415 1563 in
1471 1499 1554 1562 eis
1603 1497 1921 1585 reperies:
1996 1518 2150 1561 nam

310 1635 643 1725 postquam
678 1635 966 1702 Arabum
1016 1636 1170 1702 vitia
1218 1636 1285 1700 in
1316 1633 1614 1701 tradenda
1656 1630 2013 1718 hujusmodi
2068 1631 2158 1697 fa-

315 1773 542 1839 cultate
567 1773 955 1862 deploravit,
983 1795 1115 1861 quae
1163 1795 1309 1840 vera
1357 1772 1502 1837 sunt
1536 1770 1824 1859 exponit,
1867 1790 1994 1858 quae
2048 1767 2155 1832 fal-

315 1910 378 1974 sa
399 1931 635 1995 magno
665 1910 980 1975 rationum
1011 1931 1309 1997 apparatu
1349 1907 1614 1983 refellit,
1639 1908 1715 1972 de
1738 1907 1930 1971 veteri
1959 1925 2154 1993 aeque,

315 2067 388 2110 ac
435 2047 768 2111 recentiori
834 2044 1241 2135 Philosophia
1289 2041 1636 2111 differens.
1718 2040 1910 2133 Qod
1991 2039 2145 2105 adeo

314 2179 577 2247 feliciter
606 2182 860 2248 Do<9ror
906 2182 1018 2248 iste
1076 2182 1355 2271 praestitit
1395 2230 1410 2258 ,
1475 2203 1543 2246 ut
1613 2177 1994 2244 laudatorem
2047 2174 2156 2240 fibi

316 2319 614 2384 meruerit
663 2315 1081 2386 clariffimum
1133 2319 1346 2384 virum
1413 2317 1894 2404 Hieronymum
1961 2314 2157 2400 Lago-

316 2454 666 2541 matfinum
713 2456 780 2519 in
832 2479 1022 2545 opere
1059 2505 1075 2532 ,
1125 2454 1290 2544 quod
1342 2452 1624 2542 vulgavit
1692 2451 1766 2516 de
1810 2448 1958 2534 Julii
2036 2449 2154 2513 Po-

317 2591 484 2677 giani
533 2591 833 2680 epistolis,
882 2596 961 2661 &
1009 2590 1428 2658 orationibus,

408 2728 712 2805 Vellem,
761 2728 974 2794 liceret
1021 2727 1127 2793 hic
1174 2727 1338 2793 mihi
1399 2749 1433 2791 a
1481 2724 1793 2816 proposita
1844 2721 2150 2789 brevitate

318 2860 631 2932 discedere
675 2891 691 2944 3
740 2864 951 2933 fusiori
1013 2866 1294 2954 calamo,
1344 2862 1596 2952 qualem
1635 2854 2152 2945 metenturipso-

1911 3013 2057 3060 rum
