2462 3403
1035 228 1164 322 4>ss
1188 254 1358 305 LXV.
1380 253 1505 321 ζὲῡξιζψ

326 384 455 459 fiae,
491 401 669 474 atque
706 378 865 443 orbis
907 398 1210 466 terrarunx
1254 376 1583 441 historiam
1628 390 2161 459 commemoretm

325 542 511 607 quam
555 516 816 581 Gabriel
850 515 1122 582 Alvarez
1175 515 1252 581 de
1292 513 1530 579 Toleto
1586 515 1973 604 conscripsit,
2024 519 2162 581 im-

323 656 622 720 mensum
657 658 800 719 sane
831 674 984 741 opus
1007 703 1022 730 ,
1044 655 1124 720 SC
1155 652 1315 741 quod
1348 649 1638 716 admirari
1673 651 1926 740 quidem
1959 652 2164 740 poffiS,

325 791 575 858 laudare
629 790 761 854 satis
801 812 928 854 non
971 788 1191 876 poffis.
1244 794 1464 875 Neque
1509 788 1749 853 filentio
1800 792 2165 875 praetermit-

327 928 544 994 tendus
578 923 662 989 est
691 945 793 988 aut
823 924 1142 1007 Johannes
1183 925 1507 991 Facundus
1542 923 1769 999 Rolin,
1799 925 1904 1011 qui
1938 927 2162 991 Diam·

325 1063 586 1154 peritani
627 1059 909 1126 Concilii
967 1062 1106 1128 ae‘ia
1146 1064 1399 1128 summa
1457 1083 1634 1136 cura,
1682 1061 2006 1148 multoque
2052 1062 2166 1129 stu-

326 1200 433 1265 dio
454 1197 726 1284 redegit,
759 1218 866 1264 aut
900 1199 1265 1264 Franciscus
1299 1197 1372 1262 de
1405 1195 1604 1260 Prado
1634 1197 1890 1285 Equesta
1919 1197 2163 1286 Tytue-

330 1334 510 1400 lenfis
560 1332 941 1423 EpiscopUS,
991 1336 1096 1423 qui
1132 1333 1509 1401 canonicam
1547 1332 1860 1421 potestatis
1900 1333 2160 1421 Episco-

324 1471 480 1560 palis
516 1467 950 1543 defenfionem
985 1472 1149 1558 typis
1189 1469 1472 1556 vulgavit
1495 1469 1634 1543 5&
1675 1467 2060 1556 Augustinus
2096 1469 2170 1534 de

329 1606 533 1681 SaleS,
573 1606 682 1693 qui
717 1603 1122 1684 historicam,
1187 1605 1515 1680 criticam,
1564 1606 1645 1671 SC
1707 1604 2168 1691 apologeticam

329 1738 832 1809 dissertationem
865 1740 1061 1809 edidit
1087 1742 1162 1809 de
1195 1740 1441 1817 Calice,
1474 1741 1539 1804 in
1571 1763 1693 1828 quo
1725 1739 2008 1806 Christus
2043 1745 2181 1807 Do-

330 1879 544 1943 minus
595 1878 664 1942 in
713 1876 937 1943 ultima
976 1881 1174 1946 Coena
1220 1877 1641 1943 consecravit.
1683 1877 2017 1965 Qiantum
2064 1901 2168 1943 au-

332 2036 468 2093 tem
514 2034 751 2102 operae,
794 2015 1016 2079 laboris
1051 2065 1066 2093 ,
1109 2038 1180 2080 ac
1234 2014 1569 2100 diligelutiae
1602 2015 1665 2077 in
1704 2013 1868 2077 sacta
1908 2013 2163 2077 conscri-

328 2148 537 2217 benda
605 2148 888 2216 Historia
948 2153 1262 2217 Henricus
1314 2151 1536 2215 Florez
1589 2151 1989 2215 collocaverit
2022 2199 2038 2224 ‚
2096 2149 2166 2212 iis

334 2284 746 2374 judicandum
793 2289 1077 2376 relinquo
1114 2337 1128 2363 ,
1179 2288 1282 2371 qul
1325 2297 1524 2364 sacram
1562 2294 1664 2366 ejcts
1713 2297 2016 2369 Hispaniam
2070 2284 2173 2351 Vel

336 2421 717 2511 primoribus
765 2424 940 2489 labiis
987 2423 1510 2513 degustaverunt.
1575 2424 1914 2510 Denique,
1974 2446 2043 2488 ut
2093 2422 2169 2486 ab

338 2556 470 2622 aliis
501 2581 630 2621 non
650 2562 856 2647 paucis
904 2585 1069 2650 aeqne
1104 2560 1546 2626 excellentibus
1588 2559 1874 2623 dochina
1907 2562 2050 2623 viris
2087 2581 2177 2623 re-

340 2695 656 2760 censendis
677 2696 1059 2774 abstineam,
1094 2721 1397 2784 quantam
1436 2696 1866 2762 Ecclesiasticae
1898 2695 2186 2760 Historiae

343 2831 556 2920 lucem
605 2832 874 2922 Hispani
915 2836 1257 2924 Scriptores
1290 2833 1625 2899 adtulerint
1673 2855 1747 2897 ex
1776 2832 2008 2895 recenti
2048 2853 2181 2895 etu-

1177 2971 1211 3034 1
1810 2964 2097 3034 ditiffimi
