2462 3403
1067 307 1190 378 ἡδί
1212 305 1330 359 XL.
1346 304 1472 376 Κῷ

357 442 562 508 dicem
610 458 878 503 texerem
902 482 917 510 ,
954 433 1056 522 qui
1098 433 1450 498 maximam
1482 426 1889 518 Theologiae3
1933 429 2194 519 jurisque

359 601 500 646 tum
537 576 701 642 civili
730 594 907 650 ,tum
955 570 1243 634 canonici
1288 567 1543 632 scientia
1589 568 1838 642 laudem
1880 566 2194 632 consecuti

358 718 494 781 sunt
518 762 533 788 ,
558 711 673 774 nifi
698 733 801 773 me
825 734 860 773 a
878 704 1462 796 propofitojpfimet
1481 704 1808 792 Hispaniae
1824 703 2197 768 obttee‘tato-

355 876 443 917 res
482 850 919 915 dimoverent.
981 846 1132 907 Non
1161 844 1337 907 enim
1367 842 1522 906 adeo
1545 841 1814 904 insanire
1833 839 2054 904 volunt
2079 888 2096 914 ‚
2129 858 2198 902 ut

353 1007 591 1076 negent
653 980 830 1048 fuisse
884 979 1046 1068 apud
1130 978 1446 1066 Hispanos
1511 979 1590 1044 δί
1654 999 1917 1041 numero
1983 997 2198 1061 quam-

352 1125 700 1214 plurimOS,
772 1121 852 1185 Sc
897 1114 1199 1203 dignitate
1240 1110 1630 1201 gravissimos
1699 1112 1765 1176 in
1830 1111 2198 1175 memoratis

362 1257 702 1346 disciplinis
753 1252 1077 1319 doetoteS.
1139 1250 1388 1316 Volant
1433 1247 1720 1337 profecsto
1761 1272 1869 1337 pet
1903 1248 2200 1312 omnium

357 1419 463 1462 ota
534 1393 776 1479 inclyta
822 1437 839 1465 ‚
898 1410 967 1455 ut
1013 1411 1048 1453 a
1087 1384 1531 1471 Juteeonsultis
1614 1383 1892 1449 exordiar
1923 1433 1938 1460 ,
1991 1385 2202 1448 nomi-

359 1555 442 1598 na
515 1526 909 1618 Hieronymi
959 1523 1284 1598 Gonzalez
1325 1569 1341 1597 ,
1415 1520 1731 1586 Francisci
1803 1522 2062 1615 Penna,
2101 1522 2203 1604 Jo-

359 1667 585 1735 hannis
680 1663 754 1728 de
829 1659 1223 1748 Carthagena
1271 1705 1288 1733 ‚
1368 1649 1676 1741 Johannis'
1749 1656 2146 1744 Montaiegte
2187 1705 2202 1731 ,

365 1801 674 1871 Gabrielis
737 1799 1009 1864 Alvatez
1062 1797 1139 1860 de
1198 1793 1492 1862 Vellasco
1523 1842 1538 1870 ,
1579 1791 1882 1876 Johannis
1944 1792 2021 1858 de
2064 1777 2227 1858 Ca-'

361 1941 528 2009 stillo
560 1989 573 2003 .
655 1939 870 2024 Quam
952 1954 1100 1997 vero
1188 1927 1575 2021 ingesserunt
1664 1928 1762 1996 isti
1829 1929 2203 2018 opinionem

364 2078 439 2144 de
527 2073 965 2163 Hispanorum
1067 2067 1289 2154 peritia
1365 2066 1431 2130 in
1517 2067 1655 2151 juris
1731 2087 1869 2131 tum
1947 2066 2141 2131 Civili
2186 2072 2206 2142 ,²

368 2237 511 2281 tum
559 2206 876 2276 Canonici
929 2203 1217 2269 ‘fontibus
1309 2202 1706 2290 aperiendis,
1796 2200 1935 2266 satis
2005 2188 2206 2290 supet·

376 2373 493 2442 que
541 2347 739 2413 etiam
789 2341 1170 2409 confirmant
1219 2339 1459 2427 egregia
1505 2361 1693 2427 opera
1753 2337 2006 2427 Josephi
2051 2339 2206 2402 San-

372 2487 628 2560 tolatia,
679 2477 1124 2546 Emmanuelis
1172 2475 1479 2549 Barbosa,
1541 2474 1811 2540 Antonii
1878 2474 1954 2539 de
2001 2476 2207 2539 Fuen-

374 2645 499 2698 teS,
544 2618 797 2706 Josephi
865 2614 1030 2681 Vela
1080 2661 1098 2691 ‚
1159 2612 1417 2700 Josephi
1481 2610 1792 2676 Pellicetii
1826 2659 1842 2686 ‚
1911 2610 2078 2676 Petri
2128 2609 2205 2674 de

372 2757 631 2845 Tapia,
688 2750 992 2818 Bernardi
1052 2749 1325 2816 Oliverii
1373 2798 1389 2825 ,
1452 2746 1758 2832 Johannis
1824 2745 1901 2811 de
1950 2744 2138 2811 Avila
2186 2792 2204 2820 ,

379 2892 616 2960 Didaci
676 2888 988 2964 Francvisci
1057 2886 1133 2953 de
1181 2884 1466 2954 Villalva
1509 2934 1526 2963 ‚
1601 2884 1773 2950 Petri
1841 2880 2142 2948 Valiente
2187 2929 2206 2959 ,

1963 3018 2118 3081 Em-
