2462 3403
1034 300 1158 370 *2325
1181 303 1328 354 V111.
1349 300 1474 370 3514*

323 428 552 494 Fabius
577 424 1003 516 Qintilianus
1052 426 1312 491 summis
1348 426 1488 490 viris
1539 422 1738 490 dietus
1767 424 1999 491 Orator
2033 429 2160 492 Ma-

322 567 563 640 ximuS,
612 565 689 630 Sc
738 561 927 649 gloria
979 562 1286 625 Romanae
1334 558 1575 648 Togae,
1624 563 1726 649 qui
1777 561 2045 626 versatus
2096 566 2162 626 in

322 698 462 764 foro
512 699 791 764 maxima
848 696 1133 770 virtutis»,
1182 700 1262 765 8<
1308 696 1540 784 ingenii
1610 694 2162 761 commendatione

321 837 565 924 primus
628 833 879 923 publica
940 831 1307 898 aucloritate
1374 833 1438 898 in
1506 832 1764 919 publico
1830 829 2163 919 gymnasio

322 971 691 1036 Rhetoricas
751 969 1170 1036 institutiones
1240 967 1491 1033 tradidit
1540 967 1790 1032 summa
1853 966 2163 1055 quiderm

327 1131 470 1172 cum
521 1106 746 1187 laude;
813 1128 1009 1192 eoque
1057 1126 1321 1169 munere
1370 1102 1625 1168 funcstus
1675 1101 1759 1165 est
1810 1125 1920 1189 per
1972 1125 2162 1168 annos

310 1243 595 1326 -viginti3
642 1243 859 1329 quibus
906 1240 1154 1327 elapsis,
1202 1262 1394 1328 quum
1444 1239 1508 1302 in
1561 1236 1998 1303 hon‘estiffimo
2036 1240 2164 1306 otio

317 1378 400 1442 -ad
451 1377 848 1443 scribendum
899 1376 1190 1441 animum
1252 1369 1619 1462 appulifl'et,
1683 1373 1868 1438 libros
1917 1376 2164 1462 praeser-

323 1514 444 1576 tim
492 1512 683 1576 edidit
730 1513 804 1577 de
838 1514 1096 1578 oratoria
1146 1509 1580 1583 institutione,
1611 1506 1829 1596 quibus
1876 1511 2037 1575 nihil
2089 1533 2162 1585 eo

325 1671 547 1737 genere
596 1647 934 1713 absolutius
1001 1648 1155 1734 fingi
1203 1645 1450 1733 potest.
1512 1644 1690 1709 Huic
1740 1666 1948 1710 autem
1997 1646 2163 1710 nihil

326 1782 526 1849 defuit
573 1784 675 1849 vel
726 1783 802 1847 ad
851 1782 1176 1847 summam
1225 1781 1581 1847 docirinam
1611 1828 1626 1855 ,
1687 1779 1788 1845 vel
1837 1782 1913 1847 ad
1962 1782 2163 1868 fingu-

326 1919 525 1985 larem
577 1917 1038 2008 eloquentiam,
1094 1919 1241 2007 Qo
1291 1940 1417 1981 uno
1464 1915 1675 1980 facem
1722 1915 2161 2002 praeferente„

324 2054 563 2122 etiarnfi
596 2055 851 2130 Cicero,
880 2054 1187 2119 Romanae
1216 2075 1433 2140 parens
1471 2051 1833 2137 eloquentiae
1854 2100 1869 2126 ,
1900 2046 2160 2128 deeffet,

329 2190 681 2283 perfee'tam
730 2190 1260 2279 consequeremur
1300 2187 1630 2251 scientiam
1679 2185 1848 2250 red'oe
1896 2185 2157 2252 dicendi.

417 2325 903 2414 Philosophiam
939 2329 1019 2390 L.
1063 2325 1334 2388 Annaeus
1360 2323 1598 2387 Seneca
1627 2323 1706 2387 fic
1739 2321 2066 2399 tractavit,
2089 2346 2159 2390 ut

330 2487 459 2529 non
481 2460 674 2524 modo
696 2462 1052 2525 Stoicorum
1083 2481 1350 2523 acumen
1371 2508 1386 2534 ,
1418 2457 1941 2545 subtilitatemque
1963 2458 2028 2522 in
2052 2459 2159 2524 dic

326 2596 582 2664 serendo
609 2594 1061 2672 fitadsecutus,
1099 2616 1319 2658 verum
1350 2595 1473 2659 acri
1498 2643 1516 2669 ,
1551 2594 1629 2660 ὅζ
1665 2594 2030 2658 vehementi
2061 2597 2151 2661 di-

333 2732 513 2800 cendi
536 2752 793 2817 genere,
826 2753 895 2795 ac
926 2729 1494 2795 velutmicantibus
1527 2729 1652 2815 (ita
1696 2729 1904 2794 dicam
1943 2729 1969 2815 )
2006 2729 2154 2794 ideis

329 2869 406 2933 ad
454 2867 687 2934 virtutis
736 2889 1064 2942 amorem,
1112 2865 1189 2930 ad
1238 2863 1691 2941 constantiam,
1722 2866 1800 2930 Sc
1848 2863 2155 2935 fortitudi-

1865 3020 2016 3063 nem
2048 3049 2062 3075 ‚
