2462 3403
1001 261 1125 333 4232<
1140 262 1422 315 LXXXV.
1445 260 1569 329 ἕω

346 389 446 451 riti
499 408 623 448 non
674 406 969 449 verentur
1023 386 1208 473 plena
1255 385 1610 473 religionis,
1653 384 1734 449 SC
1763 384 2050 471 aequitatis
2093 383 2182 449 in·

345 524 557 586 stituta
605 519 1093 608 reprehendere,
1141 523 1306 608 quafi
1342 522 1646 584 barbaries
1690 542 1798 606 per
1845 542 1912 582 ea
1952 519 2017 580 in
2060 518 2183 580 Hi-

343 658 626 745 spaniam
672 656 931 739 inducia
985 651 1178 730 effer,
1247 680 1317 721 ac
1373 678 1500 720 tuta
1552 656 1822 741 undique
1864 674 2186 740 permane-

346 815 471 856 ret.
525 795 742 879 Neque
798 814 943 855 vero
1011 789 1360 877 gravissimi
1425 791 1600 876 hujus
1669 789 1952 853 criminis
2016 785 2187 850 aliud

344 948 795 1014 argumentum
864 925 1192 1014 proferunt
1236 975 1251 1001 ‚
1309 925 1430 989 nifi
1491 925 1653 1012 quod
1723 926 1803 988 eis
1892 920 2183 986 institutis

344 1085 595 1150 propter
649 1061 1130 1149 superstitiosam
1181 1062 1521 1149 quamdam
1554 1110 1570 1137 ,
1636 1081 1708 1125 ut
1773 1063 1952 1146 ajunt
1991 1107 2007 1133 ,
2070 1058 2190 1121 in„

348 1202 610 1282 majores
650 1198 1105 1272 reverentiam,
1158 1221 1290 1261 non
1341 1198 1489 1262 licet
1539 1221 1573 1261 a
1607 1196 1864 1283 receptis
1897 1213 2189 1258 veterum

350 1333 756 1421 opinionibus
806 1335 1121 1408 recedere,
1176 1333 1506 1421 omnisque
1556 1333 1710 1397 adeo
1775 1330 1970 1396 aditus
2020 1331 2189 1415 inge-

341 1470 468 1533 niis
518 1468 925 1556 praecluditur
974 1469 1048 1532 ad
1100 1492 1268 1532 nova
1317 1466 1657 1543 tentanda,
1715 1468 1933 1555 quibus
1982 1486 2140 1529 artes
2172 1472 2192 1538 ,‘

348 1627 421 1668 ac
471 1603 812 1690 disciplinae
862 1605 1329 1669 incrementum
1381 1603 1727 1690 accipiant3
1778 1601 2192 1689 impedirique

352 1741 526 1804 adeo·
556 1740 854 1803 novitatis
905 1741 1138 1804 timore
1186 1740 1383 1803 animi
1418 1741 1611 1814 vireS,
1662 1739 2072 1825 ardoremque
2111 1757 2189 1798 re·

352 1878 618 1940 mittunt
659 1925 674 1950 ,
736 1898 806 1939 ac
853 1877 1027 1941 velut
1076 1875 1357 1964 lethargo
1424 1875 1690 1963 correpti
1762 1872 2122 1961 torpescunt
2171 1923 2182 1935 .

354 2014 566 2098 Atque
615 2010 737 2074 hoc
786 2012 1045 2098 quidem
1095 2035 1228 2075 non
1281 2032 1414 2076 tam
1464 2032 1948 2099 argumentum,
1999 2031 2191 2096 quam

353 2147 850 2212 deliramentum
902 2146 1345 2214 inaniffimum
1393 2143 1516 2212 effe
1566 2147 1874 2212 constabit
1911 2197 1924 2222 ,
1974 2145 2016 2208 fi
2061 2167 2194 2207 mo-

357 2282 437 2347 do
486 2284 695 2370 placet
742 2282 1001 2348 definire
1048 2333 1064 2358 ,
1126 2305 1255 2371 quae
1305 2283 1459 2348 ratio
1521 2284 1820 2348 libertatis
1888 2281 1965 2347 ad
2014 2280 2191 2345 bona-

356 2441 504 2483 rum
555 2420 826 2495 artium,
888 2443 956 2484 ac
1006 2419 1482 2507 disciplinarum
1553 2415 1939 2509 progressum
1999 2413 2196 2485 maxi-

357 2578 463 2619 me
514 2555 890 2642 requiratur,
939 2579 1068 2644 quae
1119 2577 1336 2619 contra
1386 2554 1660 2621 officiat.

447 2689 759 2776 Equidem
810 2692 913 2758 ubi
942 2690 1037 2776 ‚de
1076 2691 1254 2756 rebus
1294 2693 1530 2778 agitur,
1580 2715 1712 2781 quae
1745 2694 1812 2756 in
1864 2712 2193 2779 utramque

359 2847 606 2911 partem
653 2828 1053 2915 probabiliter
1102 2826 1398 2919 disputari
1445 2825 1743 2917 poffunt,
1803 2852 1929 2916 quae
2000 2851 2197 2915 neque

1977 2964 2103 3032 san·
