2462 3403
929 284 1054 356 aaa<
1072 284 1394 338 xxxvm.
1417 280 1542 353 »ξφ

336 442 540 515 putes.
586 414 763 516 Quid
811 412 976 501 quod
1027 413 1169 496 juris
1204 409 1423 476 Civilis
1450 457 1465 484 ,
1494 408 1572 476 δῖ.
1619 407 1939 475 Pontificii
1978 409 2182 500 cogni.

340 561 432 627 tio
481 577 658 624 tanto
697 554 944 640 semper
981 547 1143 636 apud
1182 545 1339 636 ipsos
1384 545 1450 608 in
1496 543 1736 611 honore
1767 547 1914 624 fuir,
1960 569 2029 611 ut
2061 546 2183 612 exi-

342 698 508 770 mia,
543 715 673 781 quae
714 691 787 757 dc
836 687 954 751 hac
1003 681 1679 758 scientiaxediderunt,
1721 678 2187 749 commentaria

338 831 601 897 sollicite
658 828 733 893 ab
776 823 1069 890 omuibus
1107 821 1247 905 jutis
1302 817 1616 906 utriusque
1663 817 1937 884 studiofis
1989 819 2186 907 exqui-

336 988 587 1042 rantur,
639 966 1011 1048 summoque
1069 958 1415 1022 habeantur
1466 956 1534 1019 in
1583 956 1824 1043 pretio?
1875 957 2037 1045 Qae
2081 980 2188 1021 au-

337 1129 472 1172 tem
539 1125 686 1167 cum
738 1100 888 1194 juris
946 1094 1185 1185 publici
1248 1093 1594 1182 plurimam
1664 1092 2187 1177 conjumstimxem

338 1242 527 1307 habet
610 1213 869 1302 'historia
966 1231 1119 1301 adeo
1175 1230 1520 1298 luculenter
1573 1228 1652 1293 ab
1706 1230 1774 1292 iis
1812 1228 2186 1316 pertrackata

338 1380 462 1462 est,
520 1399 584 1444 ut
625 1399 716 1441 res
753 1370 931 1463 gestae
980 1368 1272 1454 non'iegi
1303 1416 1320 1442 ,
1375 1365 1474 1430 vel
1540 1365 1732 1430 audiri
1765 1414 1781 1440 ,
1847 1364 1951 1429 sed
2001 1367 2189 1455 plane

339 1515 620 1603 usurpari
656 1510 840 1578 oculis
884 1490 1411 1579 videantur‚'&‚
1445 1502 1606 1591 quod
1661 1523 1849 1589 caput
1883 1502 2008 1579 est,
2066 1526 2189 1566 ma-

341 1654 586 1719 ximam
650 1649 902 1735 semper
969 1640 1401 1708 auctoritatem
1444 1688 1460 1715 ,
1521 1635 1606 1704 ac
1645 1636 1845 1704 fider-n
1903 1640 2193 1703 obtinue-
2229 1697 2242 1710 ,

341 1791 500 1855 rint.
556 1790 782 1872 Neque
839 1805 992 1848 vero
1034 1775 1435 1864 Philosophia
1464 1825 1482 1852 ,
1529 1797 1659 1864 quae
1696 1796 1843 1840 vere
1891 1775 2189 1839 omnium

344 1925 578 1992 attium
631 1944 848 2011 parens
899 1918 1022 1993 est,
1054 1938 1182 1980 non
1224 1912 1441 1978 habuit
1490 1911 1782 1978 extremis
1820 1910 2000 1977 hisce.
2029 1935 2191 1976 tem-

344 2063 602 2152 poribus
665 2060 732 2123 in
778 2054 1090 2143 Hispania
1143 2051 1401 2115 cultores
1449 2049 1581 2114 suos
1611 2095 1628 2124 ,
1677 2048 1898 2135 eosque
1956 2048 2194 2112 acerri-

349 2222 522 2273 mos,
571 2218 643 2262 ac
687 2188 1201 2267 studiofi-ffimos3
1249 2208 1404 2250 nam
1453 2186 1580 2251 five
1626 2182 2061 2250 Dialec’cicam
2099 2208 2195 2251 ve·

345 2335 397 2399 ri
428 2383 444 2411 ,
489 2337 568 2402 8<
616 2330 752 2396 falfi
798 2310 982 2417 'quafi
1031 2323 1568 2412 disceptatricem,
1615 2345 1687 2388 ac
1725 2320 2036 2409 judicem,
2071 2323 2196 2387 five

345 2469 815 2559 Metaphyficas
861 2462 1306 2552 disputationes
1344 2459 1575 2524 altioris
1618 2424 1932 2546 sapientiae
1965 2459 2200 2548 princi-

349 2608 466 2695 piis
498 2601 868 2694 indagandis
903 2622 1115 2689 aptas‚
1153 2597 1279 2662 five
1312 2596 1741 2685 multiplicem
1778 2595 2197 2684 Phyficarum

351 2742 878 2808 exercitationum
933 2737 1274 2802 utilitatem
1334 2733 1411 2799 ad
1464 2732 1808 2799 coelestium
1856 2753 2188 2819 corporum

354 2901 559 2944 motus
613 2873 1095 2965 dignoscendos,
1147 2875 1227 2942 ὅζ
1279 2870 1662 2937 naturalium
1709 2874 1918 2936 rerum
1968 2864 2198 2941 caussas

1937 3006 2111 3070 inve„
2146 3046 2148 3048 ψ
