2912 4368
1155 716 1278 787 §PK
1293 719 1603 773 LXXXVI.
1625 717 1692 786 Χ
1705 736 1760 785 ‹34›

548 841 944 911 sanciiffimae
985 841 1293 929 religionis
1343 843 1598 907 decretis
1631 891 1645 917 ,
1694 866 1892 933 neque
1936 865 2188 907 morum
2239 865 2375 931 prae-

551 982 772 1070 cepti5‚
823 1001 1023 1065 neque
1066 977 1454 1063 Reipublicae
1502 977 1848 1043 constitutis
1898 979 2125 1064 juribus
2167 977 2377 1041 adver-

550 1118 805 1189 santur,
859 1112 1052 1176 fateor
1122 1135 1230 1200 par
1278 1108 1398 1175 effe
1451 1112 1718 1199 ingeniis
1790 1113 2144 1201 expeditam
2202 1112 2379 1176 facul-

550 1273 747 1314 tatem
789 1250 1128 1334 relinquere
1174 1270 1337 1309 nova
1380 1247 1712 1323 moliendi,
1766 1248 2000 1313 vetusta
2043 1248 2381 1312 instauran-

549 1386 646 1459 di,
698 1407 802 1450 aut
844 1386 907 1447 in
943 1384 1159 1445 melius
1235 1383 1650 1458 immutandi,
1703 1384 1994 1448 inchoata
2052 1383 2382 1470 perficien-

551 1522 639 1585 di.
693 1522 779 1583 At
823 1542 971 1583 vero
1014 1518 1176 1580 hauc
1209 1516 1579 1581 facultatem
1646 1521 1952 1606 nusquam
2030 1518 2245 1582 nostris
2322 1541 2384 1580 a—

554 1658 839 1720 demtam
895 1648 1079 1716 fuiffe
1122 1649 1440 1715 ciariffimi
1497 1653 1816 1740 scriptores
1876 1653 2309 1719 demonstrant
2372 1703 2385 1727 ,

556 1793 654 1879 qui
707 1791 986 1853 maximo
1030 1789 1114 1851 rei
1179 1788 1459 1851 literariae
1509 1789 1949 1856 emolumento
2002 1812 2070 1853 ea
2101 1788 2187 1852 ufi
2227 1787 2384 1851 sunt.

558 1929 694 1991 Hos
749 1927 904 1989 inter
967 1922 1393 1986 Melchiorem
1459 1925 1713 1987 Canum
1788 1947 2060 2012 repetere
2103 1923 2325 2007 juverit
2375 1972 2386 1985 .

558 2064 772 2151 Qam
821 2058 1091 2146 graviter
1130 2057 1270 2131 iste,
1328 2080 1514 2142 quam
1561 2040 1948 2133 moderaret
1993 2081 2182 2145 quam
2250 2079 2389 2120 vete

558 2195 905 2260 Aristotelis
952 2192 1183 2256 summi
1251 2195 1603 2279 ceteroquin
1647 2193 2010 2282 Philosophi
2067 2195 2131 2256 in
2173 2193 2392 2257 Theo-

559 2333 771 2417 logicis
816 2327 1338 2415 disputationibus
1370 2327 1806 2405 dominatum,
1858 2353 1986 2393 non
2023 2328 2394 2392 nostratium

560 2468 693 2556 lege
741 2466 979 2551 aliqua,
1030 2462 1130 2526 sed
1171 2462 1557 2548 praejudicata
1585 2467 1880 2529 omnium
1927 2464 2053 2528 fere
2101 2464 2392 2551 gentium

564 2606 683 2687 ejus
732 2602 917 2664 aetatis
965 2598 1263 2685 opinione
1314 2598 1799 2675 confirmatum,
1849 2597 2144 2672 excuffit,
2195 2622 2263 2662 ac
2298 2600 2398 2662 de·

566 2738 763 2827 pulit3
843 2758 910 2799 ut
976 2733 1233 2821 proinde
1277 2734 1382 2796 ille
1429 2734 1594 2799 inter
1650 2739 1883 2823 primos
1947 2737 2199 2822 egregiis
2273 2733 2391 2798 suis

570 2873 803 2958 scriptis
846 2878 970 2933 non
1009 2866 1377 2954 Theologiae
1417 2892 1662 2934 tantum
1697 2919 1711 2946 ‚
1761 2894 1979 2935 verum
2026 2873 2105 2936 8<
2149 2869 2397 2956 reliquis

569 3006 903 3093 disciplinis
954 3005 1187 3067 critices
1228 3004 1513 3078 lumina,
1564 3005 2018 3092 pristinumque
2077 3004 2228 3068 adeo
2299 3004 2396 3067 ni-

572 3164 774 3208 torem
802 3136 1125 3203 restituisse
1167 3140 1322 3202 visus
1357 3141 1453 3203 fit.
1508 3142 1789 3227 Impiam
1830 3166 2013 3215 vero,
2065 3141 2393 3205 audacem-

573 3302 686 3367 que
732 3274 1053 3341 licentiam
1096 3273 1261 3340 sacra
1308 3275 1525 3342 omnia
1600 3277 1839 3341 turbare
1896 3325 1913 3353 ‚
1973 3276 2218 3361 susque,
2291 3273 2395 3337 de·

2191 3430 2304 3493 qUC
