<?xml version="1.0" encoding="UTF-8"?>
<!DOCTYPE html PUBLIC "-//W3C//DTD XHTML 1.0 Transitional//EN"
    "http://www.w3.org/TR/xhtml1/DTD/xhtml1-transitional.dtd">
<html xmlns="http://www.w3.org/1999/xhtml" xml:lang="en" lang="en">
 <head>
  <title>
</title>
<meta http-equiv="Content-Type" content="text/html;charset=utf-8" />
  <meta name='ocr-system' content='tesseract 3.04.00' />
  <meta name='ocr-capabilities' content='ocr_page ocr_carea ocr_par ocr_line ocrx_word'/>
</head>
<body>
  <div class='ocr_page' id='page_1' title='image "./dehispanorumlite00panzuoft_0027.png"; bbox 0 0 2462 3403; ppageno 0'>
   <div class='ocr_carea' id='block_1_1' title="bbox 982 271 1371 342">
    <p class='ocr_par' dir='ltr' id='par_1_1' title="bbox 982 271 1371 342">
     <span class='ocr_line' id='line_1_1' title="bbox 982 271 1371 342; baseline 0 -17"><span class='ocrx_word' id='word_1_1' title='bbox 982 271 1107 341; x_wconf 37' lang='lat'>5033(</span> <span class='ocrx_word' id='word_1_2' title='bbox 1135 274 1228 325; x_wconf 82' lang='grc' dir='ltr'><strong>ΙΙΙ.</strong></span> <span class='ocrx_word' id='word_1_3' title='bbox 1246 273 1371 342; x_wconf 44' lang='lat' dir='ltr'>3(ss4</span> 
     </span>
    </p>
   </div>
   <div class='ocr_carea' id='block_1_2' title="bbox 228 397 2101 3071">
    <p class='ocr_par' dir='ltr' id='par_1_2' title="bbox 228 397 2101 3071">
     <span class='ocr_line' id='line_1_2' title="bbox 249 397 2101 488; baseline -0.001 -22"><span class='ocrx_word' id='word_1_4' title='bbox 249 401 530 475; x_wconf 54' lang='lat' dir='ltr'>ctorem,</span> <span class='ocrx_word' id='word_1_5' title='bbox 565 421 635 464; x_wconf 90' lang='lat' dir='ltr'>ac</span> <span class='ocrx_word' id='word_1_6' title='bbox 667 419 1031 488; x_wconf 89' lang='lat' dir='ltr'>parentem,</span> <span class='ocrx_word' id='word_1_7' title='bbox 1073 398 1460 486; x_wconf 68' lang='lat' dir='ltr'>publicaeque</span> <span class='ocrx_word' id='word_1_8' title='bbox 1516 397 1828 463; x_wconf 83' lang='lat' dir='ltr'>felicitatis</span> <span class='ocrx_word' id='word_1_9' title='bbox 1886 400 2101 465; x_wconf 67' lang='grc' dir='ltr'>3υᾶὶο-</span> 
     </span>
     <span class='ocr_line' id='line_1_3' title="bbox 246 535 2098 624; baseline -0.001 -23"><span class='ocrx_word' id='word_1_10' title='bbox 246 560 381 602; x_wconf 87' lang='lat' dir='ltr'>rem</span> <span class='ocrx_word' id='word_1_11' title='bbox 416 537 687 623; x_wconf 87' lang='lat' dir='ltr'>accepit,</span> <span class='ocrx_word' id='word_1_12' title='bbox 714 535 874 600; x_wconf 86' lang='lat' dir='ltr'>nihil</span> <span class='ocrx_word' id='word_1_13' title='bbox 906 535 1238 601; x_wconf 83' lang='lat' dir='ltr'>excellenti</span> <span class='ocrx_word' id='word_1_14' title='bbox 1282 535 1726 624; x_wconf 84' lang='lat' dir='ltr'>magnitudine</span> <span class='ocrx_word' id='word_1_15' title='bbox 1764 535 1962 600; x_wconf 88' lang='lat' dir='ltr'>animi</span> <span class='ocrx_word' id='word_1_16' title='bbox 2004 535 2098 602; x_wconf 91' lang='lat' dir='ltr'>sui</span> 
     </span>
     <span class='ocr_line' id='line_1_4' title="bbox 244 672 2100 761; baseline -0.002 -21"><span class='ocrx_word' id='word_1_17' title='bbox 244 675 522 761; x_wconf 83' lang='lat' dir='ltr'>dignius,</span> <span class='ocrx_word' id='word_1_18' title='bbox 553 672 712 737; x_wconf 89' lang='lat' dir='ltr'>nihil</span> <span class='ocrx_word' id='word_1_19' title='bbox 744 675 1125 761; x_wconf 85' lang='lat' dir='ltr'>populorum</span> <span class='ocrx_word' id='word_1_20' title='bbox 1161 672 1341 736; x_wconf 87' lang='lat' dir='ltr'>saluti</span> <span class='ocrx_word' id='word_1_21' title='bbox 1389 673 1927 739; x_wconf 84' lang='lat' dir='ltr'>accommodatius</span> <span class='ocrx_word' id='word_1_22' title='bbox 1976 672 2100 738; x_wconf 85' lang='lat' dir='ltr'>exi-</span> 
     </span>
     <span class='ocr_line' id='line_1_5' title="bbox 242 807 2097 898; baseline -0.001 -22"><span class='ocrx_word' id='word_1_23' title='bbox 242 812 525 876; x_wconf 86' lang='lat' dir='ltr'>stimavit</span> <span class='ocrx_word' id='word_1_24' title='bbox 579 833 796 884; x_wconf 87' lang='lat' dir='ltr'>earum</span> <span class='ocrx_word' id='word_1_25' title='bbox 847 810 1147 874; x_wconf 83' lang='lat' dir='ltr'>omnium</span> <span class='ocrx_word' id='word_1_26' title='bbox 1197 807 1674 898; x_wconf 83' lang='lat' dir='ltr'>disciplinarum</span> <span class='ocrx_word' id='word_1_27' title='bbox 1728 809 2097 898; x_wconf 85' lang='lat' dir='ltr'>amplifica-‘-</span> 
     </span>
     <span class='ocr_line' id='line_1_6' title="bbox 243 935 2096 1035; baseline -0.002 -21"><span class='ocrx_word' id='word_1_28' title='bbox 243 952 409 1015; x_wconf 89' lang='lat' dir='ltr'>tione</span> <span class='ocrx_word' id='word_1_29' title='bbox 434 996 448 1022; x_wconf 91' lang='lat'>‚</span> <span class='ocrx_word' id='word_1_30' title='bbox 480 935 697 1035; x_wconf 84' lang='lat' dir='ltr'>quibus</span> <span class='ocrx_word' id='word_1_31' title='bbox 733 945 1026 1010; x_wconf 87' lang='lat' dir='ltr'>homines</span> <span class='ocrx_word' id='word_1_32' title='bbox 1063 945 1139 1010; x_wconf 88' lang='lat' dir='ltr'>ad</span> <span class='ocrx_word' id='word_1_33' title='bbox 1172 946 1523 1012; x_wconf 86' lang='lat' dir='ltr'>multarum</span> <span class='ocrx_word' id='word_1_34' title='bbox 1550 996 1566 1022; x_wconf 90' lang='lat'>,</span> <span class='ocrx_word' id='word_1_35' title='bbox 1601 943 2096 1012; x_wconf 83' lang='lat' dir='ltr'>utiliffimarum·</span> 
     </span>
     <span class='ocr_line' id='line_1_7' title="bbox 243 1074 2100 1173; baseline -0.002 -23"><span class='ocrx_word' id='word_1_36' title='bbox 243 1109 356 1173; x_wconf 86' lang='lat' dir='ltr'>que</span> <span class='ocrx_word' id='word_1_37' title='bbox 407 1105 618 1149; x_wconf 86' lang='lat' dir='ltr'>rerum</span> <span class='ocrx_word' id='word_1_38' title='bbox 668 1074 994 1147; x_wconf 82' lang='lat' dir='ltr'>scientiam</span> <span class='ocrx_word' id='word_1_39' title='bbox 1027 1133 1042 1157; x_wconf 93' lang='lat'>,</span> <span class='ocrx_word' id='word_1_40' title='bbox 1093 1104 1275 1170; x_wconf 84' lang='lat' dir='ltr'>atque</span> <span class='ocrx_word' id='word_1_41' title='bbox 1326 1083 1483 1149; x_wconf 88' lang='lat' dir='ltr'>adeo</span> <span class='ocrx_word' id='word_1_42' title='bbox 1532 1082 1608 1148; x_wconf 88' lang='lat' dir='ltr'>ad</span> <span class='ocrx_word' id='word_1_43' title='bbox 1659 1082 2038 1171; x_wconf 84' lang='lat' dir='ltr'>sapientiam</span> <span class='ocrx_word' id='word_1_44' title='bbox 2077 1130 2100 1158; x_wconf 91' lang='lat'>‚</span> 
     </span>
     <span class='ocr_line' id='line_1_8' title="bbox 244 1218 2095 1309; baseline -0.002 -20"><span class='ocrx_word' id='word_1_45' title='bbox 244 1224 324 1289; x_wconf 67' lang='lat' dir='ltr'>Sc</span> <span class='ocrx_word' id='word_1_46' title='bbox 370 1220 803 1309; x_wconf 83' lang='lat' dir='ltr'>prudentiam,</span> <span class='ocrx_word' id='word_1_47' title='bbox 835 1219 911 1285; x_wconf 90' lang='lat' dir='ltr'>ad</span> <span class='ocrx_word' id='word_1_48' title='bbox 962 1220 1356 1308; x_wconf 85' lang='lat' dir='ltr'>aequitatem‚</span> <span class='ocrx_word' id='word_1_49' title='bbox 1386 1219 1462 1284; x_wconf 90' lang='lat' dir='ltr'>ad</span> <span class='ocrx_word' id='word_1_50' title='bbox 1511 1240 1778 1284; x_wconf 87' lang='lat' dir='ltr'>omnem</span> <span class='ocrx_word' id='word_1_51' title='bbox 1828 1218 2095 1309; x_wconf 89' lang='lat' dir='ltr'>denique</span> 
     </span>
     <span class='ocr_line' id='line_1_9' title="bbox 240 1355 2097 1444; baseline 0 -24"><span class='ocrx_word' id='word_1_52' title='bbox 240 1357 710 1424; x_wconf 84' lang='lat' dir='ltr'>humanitatem</span> <span class='ocrx_word' id='word_1_53' title='bbox 759 1355 1214 1424; x_wconf 83' lang='lat' dir='ltr'>informantur.</span> <span class='ocrx_word' id='word_1_54' title='bbox 1267 1357 1445 1421; x_wconf 91' lang='lat' dir='ltr'>Hinc</span> <span class='ocrx_word' id='word_1_55' title='bbox 1495 1380 1676 1444; x_wconf 83' lang='lat' dir='ltr'>porro</span> <span class='ocrx_word' id='word_1_56' title='bbox 1734 1355 2097 1420; x_wconf 75' lang='lat' dir='ltr'>Academiae</span> 
     </span>
     <span class='ocr_line' id='line_1_10' title="bbox 241 1459 2093 1582; baseline 0 -24"><span class='ocrx_word' id='word_1_57' title='bbox 241 1514 376 1559; x_wconf 92' lang='lat' dir='ltr'>toto</span> <span class='ocrx_word' id='word_1_58' title='bbox 409 1497 537 1577; x_wconf 80' lang='lat' dir='ltr'>jam</span> <span class='ocrx_word' id='word_1_59' title='bbox 577 1496 729 1560; x_wconf 88' lang='lat' dir='ltr'>orbe</span> <span class='ocrx_word' id='word_1_60' title='bbox 773 1465 1196 1560; x_wconf 75' lang='lat' dir='ltr'>celeberrima:</span> <span class='ocrx_word' id='word_1_61' title='bbox 1220 1545 1235 1571; x_wconf 87' lang='lat'>,</span> <span class='ocrx_word' id='word_1_62' title='bbox 1267 1517 1395 1582; x_wconf 85' lang='lat' dir='ltr'>quae</span> <span class='ocrx_word' id='word_1_63' title='bbox 1431 1516 1465 1557; x_wconf 92' lang='lat' dir='ltr'>a</span> <span class='ocrx_word' id='word_1_64' title='bbox 1498 1494 1707 1582; x_wconf 86' lang='lat' dir='ltr'>primo</span> <span class='ocrx_word' id='word_1_65' title='bbox 1742 1513 1878 1557; x_wconf 84' lang='lat' dir='ltr'>ortu</span> <span class='ocrx_word' id='word_1_66' title='bbox 1920 1459 2093 1558; x_wconf 85' lang='lat' dir='ltr'>adul-</span> 
     </span>
     <span class='ocr_line' id='line_1_11' title="bbox 236 1580 2094 1756; baseline 0.003 -60"><span class='ocrx_word' id='word_1_67' title='bbox 236 1653 371 1696; x_wconf 88' lang='lat' dir='ltr'>tam</span> <span class='ocrx_word' id='word_1_68' title='bbox 424 1633 858 1699; x_wconf 80' lang='lat' dir='ltr'>maturitatem</span> <span class='ocrx_word' id='word_1_69' title='bbox 907 1580 1143 1756; x_wconf 36' lang='lat' dir='ltr'>apptae</span> <span class='ocrx_word' id='word_1_70' title='bbox 1196 1631 1521 1709; x_wconf 86' lang='lat' dir='ltr'>videntur;</span> <span class='ocrx_word' id='word_1_71' title='bbox 1558 1631 1711 1695; x_wconf 90' lang='lat' dir='ltr'>hinc</span> <span class='ocrx_word' id='word_1_72' title='bbox 1749 1636 1868 1700; x_wconf 88' lang='lat' dir='ltr'>viri</span> <span class='ocrx_word' id='word_1_73' title='bbox 1918 1637 2094 1724; x_wconf 83' lang='lat' dir='ltr'>inge·</span> 
     </span>
     <span class='ocr_line' id='line_1_12' title="bbox 237 1762 2090 1863; baseline 0.004 -31"><span class='ocrx_word' id='word_1_74' title='bbox 237 1764 382 1843; x_wconf 87' lang='lat' dir='ltr'>nio,</span> <span class='ocrx_word' id='word_1_75' title='bbox 431 1771 511 1837; x_wconf 73' lang='grc' dir='ltr'>ὃζ</span> <span class='ocrx_word' id='word_1_76' title='bbox 559 1769 913 1836; x_wconf 80' lang='lat' dir='ltr'>eruditione</span> <span class='ocrx_word' id='word_1_77' title='bbox 950 1768 1310 1857; x_wconf 72' lang='lat' dir='ltr'>&#39;praestantes</span> <span class='ocrx_word' id='word_1_78' title='bbox 1348 1762 1575 1863; x_wconf 62' lang='lat' dir='ltr'>jussu,</span> <span class='ocrx_word' id='word_1_79' title='bbox 1637 1768 2090 1861; x_wconf 50' lang='lat' dir='ltr'>largitatequea</span> 
     </span>
     <span class='ocr_line' id='line_1_13' title="bbox 236 1905 2088 1998; baseline 0.001 -28"><span class='ocrx_word' id='word_1_80' title='bbox 236 1905 542 1993; x_wconf 88' lang='lat' dir='ltr'>Principis</span> <span class='ocrx_word' id='word_1_81' title='bbox 614 1905 1143 1993; x_wconf 79' lang='lat' dir='ltr'>peregrinationes</span> <span class='ocrx_word' id='word_1_82' title='bbox 1204 1905 1609 1970; x_wconf 88' lang='lat' dir='ltr'>instituerunt</span> <span class='ocrx_word' id='word_1_83' title='bbox 1649 1955 1665 1982; x_wconf 90' lang='lat'>‚</span> <span class='ocrx_word' id='word_1_84' title='bbox 1743 1932 1816 1973; x_wconf 82' lang='lat' dir='ltr'>ex</span> <span class='ocrx_word' id='word_1_85' title='bbox 1874 1909 2088 1998; x_wconf 87' lang='lat' dir='ltr'>quibus</span> 
     </span>
     <span class='ocr_line' id='line_1_14' title="bbox 234 2039 2090 2133; baseline 0.002 -27"><span class='ocrx_word' id='word_1_86' title='bbox 234 2041 621 2108; x_wconf 84' lang='lat' dir='ltr'>abundantes</span> <span class='ocrx_word' id='word_1_87' title='bbox 669 2039 902 2106; x_wconf 67' lang='lat' dir='ltr'>ftuc&#39;tus</span> <span class='ocrx_word' id='word_1_88' title='bbox 933 2090 948 2117; x_wconf 94' lang='lat'>‚</span> <span class='ocrx_word' id='word_1_89' title='bbox 1015 2045 1094 2111; x_wconf 74' lang='grc' dir='ltr'>ὅζ</span> <span class='ocrx_word' id='word_1_90' title='bbox 1145 2040 1491 2131; x_wconf 88' lang='lat' dir='ltr'>conquifita</span> <span class='ocrx_word' id='word_1_91' title='bbox 1537 2042 1810 2133; x_wconf 86' lang='lat' dir='ltr'>undique</span> <span class='ocrx_word' id='word_1_92' title='bbox 1860 2044 2090 2111; x_wconf 58' lang='lat' dir='ltr'>doetri-</span> 
     </span>
     <span class='ocr_line' id='line_1_15' title="bbox 230 2152 2090 2268; baseline 0.003 -27"><span class='ocrx_word' id='word_1_93' title='bbox 230 2152 461 2243; x_wconf 84' lang='lat' dir='ltr'>narum</span> <span class='ocrx_word' id='word_1_94' title='bbox 510 2178 881 2265; x_wconf 87' lang='lat' dir='ltr'>adjumenta</span> <span class='ocrx_word' id='word_1_95' title='bbox 948 2179 1014 2243; x_wconf 91' lang='lat' dir='ltr'>in</span> <span class='ocrx_word' id='word_1_96' title='bbox 1081 2181 1355 2268; x_wconf 87' lang='lat' dir='ltr'>patriam</span> <span class='ocrx_word' id='word_1_97' title='bbox 1418 2178 1764 2246; x_wconf 85' lang='lat' dir='ltr'>referrent.</span> <span class='ocrx_word' id='word_1_98' title='bbox 1836 2181 2090 2249; x_wconf 86' lang='lat' dir='ltr'>Obver-</span> 
     </span>
     <span class='ocr_line' id='line_1_16' title="bbox 230 2287 2085 2404; baseline 0.003 -26"><span class='ocrx_word' id='word_1_99' title='bbox 230 2314 435 2380; x_wconf 84' lang='lat' dir='ltr'>santur</span> <span class='ocrx_word' id='word_1_100' title='bbox 486 2316 741 2404; x_wconf 83' lang='lat' dir='ltr'>quidem</span> <span class='ocrx_word' id='word_1_101' title='bbox 791 2317 1090 2382; x_wconf 89' lang='lat' dir='ltr'>omnium</span> <span class='ocrx_word' id='word_1_102' title='bbox 1139 2287 1362 2393; x_wconf 61' lang='lat' dir='ltr'>oeulis,</span> <span class='ocrx_word' id='word_1_103' title='bbox 1413 2317 1586 2383; x_wconf 89' lang='lat' dir='ltr'>velut</span> <span class='ocrx_word' id='word_1_104' title='bbox 1628 2315 1969 2384; x_wconf 84' lang='lat' dir='ltr'>clariffima</span> <span class='ocrx_word' id='word_1_105' title='bbox 2015 2319 2085 2384; x_wconf 86' lang='lat' dir='ltr'>in</span> 
     </span>
     <span class='ocr_line' id='line_1_17' title="bbox 229 2451 2087 2545; baseline 0.002 -29"><span class='ocrx_word' id='word_1_106' title='bbox 229 2451 368 2517; x_wconf 75' lang='lat' dir='ltr'>luce</span> <span class='ocrx_word' id='word_1_107' title='bbox 417 2453 657 2541; x_wconf 81' lang='lat' dir='ltr'>posita,</span> <span class='ocrx_word' id='word_1_108' title='bbox 709 2454 1100 2521; x_wconf 86' lang='lat' dir='ltr'>immortalia</span> <span class='ocrx_word' id='word_1_109' title='bbox 1149 2454 1282 2520; x_wconf 86' lang='lat' dir='ltr'>haec</span> <span class='ocrx_word' id='word_1_110' title='bbox 1328 2454 1516 2543; x_wconf 87' lang='lat' dir='ltr'>Regis</span> <span class='ocrx_word' id='word_1_111' title='bbox 1563 2454 1883 2545; x_wconf 77' lang='lat' dir='ltr'>sapientiae</span> <span class='ocrx_word' id='word_1_112' title='bbox 1948 2479 2087 2520; x_wconf 87' lang='lat' dir='ltr'>mo-</span> 
     </span>
     <span class='ocr_line' id='line_1_18' title="bbox 228 2592 2086 2681; baseline 0.001 -23"><span class='ocrx_word' id='word_1_113' title='bbox 228 2610 583 2666; x_wconf 87' lang='lat' dir='ltr'>numenta,</span> <span class='ocrx_word' id='word_1_114' title='bbox 629 2592 1051 2680; x_wconf 85' lang='lat' dir='ltr'>omniumque</span> <span class='ocrx_word' id='word_1_115' title='bbox 1100 2593 1395 2681; x_wconf 82' lang='lat' dir='ltr'>gentium</span> <span class='ocrx_word' id='word_1_116' title='bbox 1461 2592 1749 2659; x_wconf 87' lang='lat' dir='ltr'>laudibus</span> <span class='ocrx_word' id='word_1_117' title='bbox 1779 2639 1800 2670; x_wconf 81' lang='lat'>,·</span> <span class='ocrx_word' id='word_1_118' title='bbox 1845 2616 1917 2660; x_wconf 90' lang='lat' dir='ltr'>ac</span> <span class='ocrx_word' id='word_1_119' title='bbox 1965 2594 2086 2659; x_wconf 88' lang='lat' dir='ltr'>lin-</span> 
     </span>
     <span class='ocr_line' id='line_1_19' title="bbox 232 2727 2084 2820; baseline 0 -26"><span class='ocrx_word' id='word_1_120' title='bbox 232 2727 366 2817; x_wconf 88' lang='lat' dir='ltr'>guis</span> <span class='ocrx_word' id='word_1_121' title='bbox 415 2727 844 2795; x_wconf 88' lang='lat' dir='ltr'>celebrantur.</span> <span class='ocrx_word' id='word_1_122' title='bbox 898 2731 1153 2796; x_wconf 86' lang='lat' dir='ltr'>Verum</span> <span class='ocrx_word' id='word_1_123' title='bbox 1201 2728 1406 2795; x_wconf 87' lang='lat' dir='ltr'>adhuc</span> <span class='ocrx_word' id='word_1_124' title='bbox 1457 2752 1676 2797; x_wconf 88' lang='lat' dir='ltr'>manet</span> <span class='ocrx_word' id='word_1_125' title='bbox 1723 2729 2084 2820; x_wconf 65' lang='lat' dir='ltr'>praejudica-</span> 
     </span>
     <span class='ocr_line' id='line_1_20' title="bbox 231 2863 2080 2959; baseline 0.002 -32"><span class='ocrx_word' id='word_1_126' title='bbox 231 2884 295 2928; x_wconf 89' lang='lat' dir='ltr'>ta</span> <span class='ocrx_word' id='word_1_127' title='bbox 339 2863 482 2942; x_wconf 76' lang='lat' dir='ltr'>illa,</span> <span class='ocrx_word' id='word_1_128' title='bbox 518 2865 825 2956; x_wconf 88' lang='lat' dir='ltr'>planeque</span> <span class='ocrx_word' id='word_1_129' title='bbox 875 2865 1056 2932; x_wconf 71' lang='lat' dir='ltr'>insita</span> <span class='ocrx_word' id='word_1_130' title='bbox 1102 2867 1362 2957; x_wconf 87' lang='lat' dir='ltr'>opinio,</span> <span class='ocrx_word' id='word_1_131' title='bbox 1401 2868 1700 2957; x_wconf 80' lang='lat' dir='ltr'>proximis</span> <span class='ocrx_word' id='word_1_132' title='bbox 1751 2866 2080 2959; x_wconf 81' lang='lat' dir='ltr'>superiori-</span> 
     </span>
     <span class='ocr_line' id='line_1_21' title="bbox 969 3003 1984 3071; baseline 0 -4"><span class='ocrx_word' id='word_1_133' title='bbox 969 3003 1031 3068; x_wconf 87' lang='lat' dir='ltr'><strong>A</strong></span> <span class='ocrx_word' id='word_1_134' title='bbox 1070 3030 1102 3067; x_wconf 84' lang='lat'>2</span> <span class='ocrx_word' id='word_1_135' title='bbox 1792 3014 1799 3021; x_wconf 83' lang='lat'>&#39;</span> <span class='ocrx_word' id='word_1_136' title='bbox 1873 3004 1984 3071; x_wconf 86' lang='lat' dir='ltr'>bus</span> 
     </span>
    </p>
   </div>
  </div>
 </body>
</html>
