2462 3403
952 258 1595 331 ·1·>·}e{LXXXV111.3³51·ssD
2132 332 2135 334 -

445 383 941 453 Praestantiffimi
982 385 1144 474 apud
1176 386 1390 451 Gallos
1418 386 1623 448 Po'e'tae
1660 382 1974 448 habentur
1999 429 2013 457 ,
2045 404 2180 446 om-

356 525 664 612 niumque
709 522 933 610 linguis
990 492 1383 584 celebrantur
1430 519 1711 583 Cornelii
1759 517 1975 583 fratres
2005 566 2019 592 ,
2052 519 2187 605 Ra-

362 656 506 721 cinii
557 659 821 723 Boeloeus
859 705 873 732 ,
915 631 1126 741 quibus
1182 674 1399 742 pareS,
1447 652 1646 717 Gallis
1696 652 2184 740 prudentiffimis

358 790 723 866 fatentibus,
760 790 1044 855 nondum
1090 791 1341 878 sequens
1381 812 1514 854 aetas
1558 788 1801 853 extulit.
1833 789 1932 851 Illi
1971 810 2188 854 tamen

358 949 504 991 cum
548 928 839 992 facultate
879 927 1116 1012 poetica
1147 950 1275 989 non
1310 926 1679 1010 religionem
1712 924 1903 988 modo
1927 975 1941 1001 ,
1965 947 2187 991 verum

357 1063 547 1126 etiam
599 1037 1016 1134 modestiam,
1062 1084 1132 1125 ac
1182 1059 1626 1125 verecundiam
1678 1060 1924 1147 egregie
1980 1060 2190 1124 conci-

356 1198 617 1263 liarunt.
665 1198 780 1261 Nil
834 1180 1215 1283 praestantius
1268 1192 1573 1259 Eossuetti
1622 1195 1906 1258 sermone
1953 1195 2026 1259 de
2069 1193 2193 1257 Hi-

357 1334 542 1399 storia
596 1333 885 1397 universa
927 1379 944 1406 ,
994 1351 1060 1394 ut
1107 1331 1434 1395 Polemica
1499 1341 1712 1393 contra
1756 1329 2191 1394 Heterodoxos

361 1475 482 1553 ejus
523 1476 707 1555 opera
747 1488 1114 1556 praeteteam
1141 1513 1156 1540 ,
1187 1467 1276 1529 nil
1322 1470 1446 1551 ejus
1491 1465 1609 1527 viri
1653 1466 2028 1529 orationibus
2069 1465 2193 1529 elo-

360 1604 687 1692 quentius3
733 1625 849 1666 nec
889 1623 1105 1664 tamen
1156 1599 1231 1663 ad
1281 1600 1410 1663 haee
1451 1599 1837 1662 immortalia
1880 1623 2062 1686 opera
2104 1602 2193 1683 ju-

359 1739 489 1804 vari
541 1738 681 1801 sane
723 1760 871 1824 opus
925 1735 1141 1799 habuit
1188 1735 1296 1798 illa
1344 1734 1627 1808 licentia,
1662 1736 2195 1820 quamerecentio-

357 1895 450 1938 res
495 1873 785 1937 nonnulli
840 1892 1165 1956 tantopere
1218 1869 1509 1934 adamare
1540 1918 1555 1945 ,
1599 1891 1897 1956 tantoque
1951 1871 2016 1933 in
2063 1893 2196 1956 pre-

358 2007 448 2070 tio
507 2006 731 2071 habere
794 2004 1121 2070 videntur.
1179 2008 1524 2090 Nequeflex
1583 2005 1689 2068 illa
1743 2005 1903 2067 vires
1937 2004 2194 2090 sumpsit

359 2140 727 2205 Eordaluvii
771 2141 1121 2227 eloquentia
1156 2188 1170 2213 ‚
1216 2162 1318 2203 aut
1371 2140 1703 2233 Fleehierii
1737 2188 1752 2215 ‚
1797 2161 1902 2202 aut
1948 2136 2195 2202 Maffil-

362 2276 561 2348 lonii,
602 2276 706 2361 qui
763 2272 1251 2363 praestantiffimi
1307 2280 1426 2360 ejus
1488 2277 1685 2363 gentis
1751 2274 2044 2340 Oratores
2089 2272 2196 2338 ha-

360 2411 630 2476 bentur.
674 2410 850 2473 Acstis
912 2433 1089 2496 porro
1147 2409 1499 2473 Parifienfis
1546 2387 1905 2474 Academiae
1935 2457 1950 2485 ,
1991 2431 2057 2473 ut
2116 2399 2195 2475 ssc

364 2546 630 2610 aliarum
677 2544 955 2629 ejusdem
1003 2543 1238 2631 generis
1269 2592 1283 2617 ,
1336 2545 1416 2610 SC
1464 2544 1728 2610 instituti
1797 2545 2196 2609 continentur

364 2701 736 2767 quaecunque
811 2677 886 2740 ad
959 2681 1338 2743 naturalium
1390 2678 1861 2774 disciplinarum
1921 2649 2195 2776 progress

295 2849 299 2852 ·
367 2813 563 2879 fiones
611 2812 892 2901 proxime
944 2815 1356 2902 superioribus
1404 2795 1786 2903 temporibus
1827 2832 1862 2878 a·
1900 2810 2194 2876 maximis

1918 2946 2104 3032 inge-
