2462 3403
995 279 1119 349 ψὲῧρί
1141 280 1491 349 ΧῐΙΧ.,ἓξωζψ

320 433 390 473 ro
423 426 678 478 autem,
729 426 845 469 nec
880 403 1244 483 immerito,
1295 407 1574 470 censores
1616 404 1791 481 istos,
1841 430 2026 494 quem
2057 407 2167 472 ha·

322 544 539 608 <sterius
588 563 805 606 contra
854 543 1167 631 Hispanos
1220 564 1653 618 exercuerunt,
1700 543 1936 632 stylum
1972 592 1987 619 ,
2033 543 2172 607 faci·

323 680 380 744 le
436 679 783 766 abjedluros
831 675 992 754 esse,
1043 681 1087 743 fi
1138 681 1325 744 libros
1377 681 1442 742 in
1495 678 1805 766 Hispania
1854 681 2065 768 paucis
2095 680 2174 744 ab

320 817 471 880 hinc
518 817 696 881 annis
743 813 937 877 editos
975 863 992 890 ,
1042 815 1326 903 depofitis
1375 816 1654 902 partium
1705 815 1949 891 studiis„
1999 815 2167 880 adire

325 953 547 1016 velint.
598 951 979 1016 Vincentius
1029 954 1230 1016 Forca
1278 952 1344 1015 in
1396 949 1761 1017 breviffimo
1821 951 1936 1015 isto
2003 971 2170 1016 cata·-

325 1088 470 1176 logo
521 1088 802 1174 primum
853 1087 1071 1153 locum
1121 1089 1442 1166 obtineat3
1509 1087 1987 1176 Philosophiam
2039 1109 2170 1152 cor-

321 1223 714 1313 puscularem
766 1224 1005 1312 scripfit
1073 1224 1150 1288 ad
1214 1219 1516 1289 Gaffendi
1592 1224 1825 1311 placita
1900 1224 2163 1289 elabora-

327 1383 458 1426 tam
492 1409 507 1435 ,
559 1359 625 1422 in
676 1382 793 1448 qua
835 1361 1110 1448 corporis
1177 1362 1582 1449 proprietates
1649 1359 1879 1449 detegit
1913 1411 1930 1436 ,
1978 1382 2166 1448 gene-

328 1498 477 1562 rales
526 1497 761 1583 regulas
796 1543 812 1570 ,
862 1495 1210 1560 secundum
1277 1519 1419 1584 quas
1476 1497 1719 1559 moveri
1789 1520 2047 1586 corpora
2094 1495 2173 1560 di-

330 1655 585 1707 cuntur,
642 1632 1012 1721 perpendit,
1061 1635 1141 1699 &
1188 1656 1406 1721 corpus
1481 1632 1690 1720 ipsum
1760 1633 1870 1698 fibi
1936 1633 2172 1698 exami-

329 1768 613 1834 nandum
663 1769 1003 1857 proponit3
1054 1768 1484 1857 phoenomena
1569 1768 1906 1835 innumera
1981 1770 2171 1859 usque

334 1906 409 1969 ad
458 1903 849 1969 evidentiam
882 1906 1212 1994 explanat,
1248 1908 1328 1974 ὃς
1355 1953 1371 1979 ,
1403 1929 1532 1994 quae
1572 1928 1605 1970 a
1648 1906 1987 1993 majoribus
2026 1906 2168 1972 hau-

330 2041 401 2105 fit
456 2041 616 2105 eirca
646 2064 735 2105 res
784 2043 1130 2118 naturales,
1171 2042 1326 2109 falsa
1370 2041 1598 2128 judicia
1633 2040 2000 2109 solidiffime
2053 2066 2175 2109 cor-

330 2177 506 2266 rigit.
561 2177 773 2268 Qare
831 2178 1127 2255 fac'cum,
1182 2201 1248 2245 ut
1317 2178 1477 2244 tanti
1534 2179 1648 2243 viri
1697 2178 2177 2269 Philosophiam

333 2316 413 2382 SC
458 2337 845 2404 magnopere
892 2317 1148 2404 >semper:
1214 2315 1586 2392 laudaverit,
1631 2317 1713 2383 δί
1784 2317 1958 2405 typis
2000 2316 2174 2381 eden·

330 2451 481 2516 dam
522 2455 836 2518 curaverit
893 2454 990 2520 vir
1033 2449 1407 2521 clariffimus
1464 2421 1799 2541 Gregorius
1845 2455 2111 2541 Mayaus
2159 2502 2172 2517 .

331 2588 554 2676 Qarn
604 2587 910 2655 affiduam
985 2589 1394 2678 speculationi
1474 2612 1682 2654 terum
1757 2590 2174 2677 Phyficarum

333 2746 589 2812 operam
634 2725 872 2791 dederit
904 2726 1224 2799 Antonius
1280 2725 1570 2820 Aloyfius
1616 2726 1692 2790 de
1760 2726 2029 2790 Medina
2088 2725 2170 2789 fa-

337 2860 452 2926 cile
499 2862 787 2951 conjicies
844 2887 919 2929 ex
959 2863 1144 2954 ipfius
1198 2862 1274 2929 de
1338 2859 1685 2930 nutritione
1728 2862 1999 2931 humani
2052 2883 2171 2926 cor·

1069 2999 1136 3064 G
1918 2997 2080 3086 poris
