2462 3403
918 261 1043 333 ox
1057 263 1370 319 Lxxxv1.
1390 261 1527 331 κς,

308 387 708 457 Γειηᾶὶῐίῖιωεε
747 386 1058 475 religionis
1107 388 1365 453 decretis
1396 437 1411 463 ,
1460 412 1660 479 neque
1703 409 1957 453 morum
2008 410 2145 477 prae-

311 528 534 617 ceptis,
585 547 787 613 neque
828 523 1221 610 Reipublicae
1267 523 1616 590 constitutis
1664 525 1894 611 juribus
1935 523 2148 588 advet-

308 665 567 737 santut,
621 659 816 724 fateor
885 682 995 748 pat·
1042 654 1164 722 effe
1215 658 1484 746 ingeniis
1556 659 1913 748 expeditam
1970 659 2150 724 facul-

310 820 509 863 tatem
551 797 892 883 relinquere
937 817 1102 858 nova
1144 794 1479 872 moliendi,
1532 795 1768 861 vetusta
1811 795 2151 860 instauran-

310 934 408 1009 di,
459 955 565 999 aut
606 934 670 995 in
705 932 923 994 melius
998 931 1417 1007 immutandi,
1469 932 1762 997 inchoata
1820 930 2152 1018 perficien-

311 1070 401 1135 di.
454 1070 542 1133 At
585 1091 734 1133 vero
777 1066 940 1129 hanc
972 1064 1346 1131 facultatem
1412 1069 1720 1156 nusquam
1797 1066 2015 1131 nostris
2091 1090 2154 1129 a·

314 1207 601 1270 demtam
657 1198 842 1267 fuisse
886 1198 1206 1265 clariffimi
1261 1202 1583 1291 scriptores
1643 1202 2079 1269 demonstrant
2141 1251 2155 1277 ,

316 1343 416 1430 qui
468 1341 750 1404 maximo
792 1339 878 1402 rei
942 1338 1224 1402 literariae
1274 1339 1717 1406 emolumento
1769 1362 1838 1404 ea
1869 1338 1956 1403 ufi
1995 1336 2155 1402 sunt.

319 1480 456 1543 Hos
510 1477 667 1540 inter
729 1472 1158 1538 Melehiorem
1223 1476 1480 1539 Canum
1554 1497 1829 1564 repetere
1871 1474 2095 1558 juverit
2144 1522 2157 1537 .

319 1615 535 1703 Qam
583 1609 855 1698 graviter
893 1608 1035 1683 iste,
1092 1631 1280 1694 quam
1326 1590 1719 1686 moderates
1760 1632 1951 1697 quam
2019 1631 2160 1672 vete

318 1747 668 1813 Aristotelis
714 1743 948 1809 summi
1015 1747 1369 1832 ceteroquin
1413 1745 1778 1835 Philosophi
1835 1747 1900 1809 in
1941 1744 2162 1809 Theo-

320 1885 534 1971 logicis
578 1879 1103 1969 disputationibus
1134 1879 1574 1958 dominatum,
1624 1906 1754 1947 non
1790 1880 2164 1946 nostratium

321 2021 455 2110 lege
502 2019 742 2105 aliqua,
793 2015 894 2079 sed
934 2014 1323 2102 praejudicata
1350 2019 1648 2083 omnium
1694 2017 1822 2082 fere
1869 2018 2163 2105 gentium

324 2159 445 2242 ejus
493 2155 680 2218 aetatis
727 2151 1028 2240 opinione
1078 2151 1567 2230 confirmatum,
1616 2151 1913 2227 excuffit,
1963 2176 2033 2217 ac
2067 2154 2168 2216 de-

327 2292 526 2383 pulit3
605 2311 674 2354 ut
739 2287 998 2376 proinde
1041 2287 1147 2351 ille
1193 2288 1360 2353 inter
1416 2293 1651 2378 primos
1714 2291 1968 2378 egregiis
2042 2287 2162 2353 suis

330 2427 565 2514 scriptis
607 2431 734 2489 no'n
771 2420 1142 2509 Theologiae
1181 2446 1429 2490 tantum
1462 2474 1477 2502 ,
1527 2449 1748 2491 verum
1793 2428 1874 2492 81
1917 2424 2167 2512 reliquis

329 2561 666 2649 disciplinis
717 2559 952 2623 critices
991 2559 1279 2634 lumina,
1328 2561 1787 2649 pristinumque
1845 2560 1998 2625 adeo
2068 2560 2166 2624 ni-

332 2720 537 2765 torem
563 2691 888 2783 restituiffe
930 2696 1087 2759 visus
1121 2697 1219 2760 fit.
1273 2698 1556 2785 Impiam
1596 2722 1782 2773 vet0,
1832 2697 2163 2763 audacem-

333 2858 449 2925 que
494 2831 817 2899 licentiam
858 2830 1026 2898 sacra
1072 2832 1291 2900 omnia
1365 2834 1606 2900 turbate
1662 2882 1681 2912 ,
1740 2833 1988 2919 susque,
2060 2829 2165 2895 de-

1959 2987 2074 3053 qUC
