<?xml version="1.0" encoding="UTF-8"?>
<!DOCTYPE html PUBLIC "-//W3C//DTD XHTML 1.0 Transitional//EN"
    "http://www.w3.org/TR/xhtml1/DTD/xhtml1-transitional.dtd">
<html xmlns="http://www.w3.org/1999/xhtml" xml:lang="en" lang="en">
 <head>
  <title>
</title>
<meta http-equiv="Content-Type" content="text/html;charset=utf-8" />
  <meta name='ocr-system' content='tesseract 3.04.00' />
  <meta name='ocr-capabilities' content='ocr_page ocr_carea ocr_par ocr_line ocrx_word'/>
</head>
<body>
  <div class='ocr_page' id='page_1' title='image "./dehispanorumlite00panzuoft_0047.png"; bbox 0 0 2462 3403; ppageno 0'>
   <div class='ocr_carea' id='block_1_1' title="bbox 325 261 2201 2801">
    <p class='ocr_par' dir='ltr' id='par_1_1' title="bbox 1049 261 1510 334">
     <span class='ocr_line' id='line_1_1' title="bbox 1049 261 1510 334; baseline 0.013 -19"><span class='ocrx_word' id='word_1_1' title='bbox 1049 261 1510 334; x_wconf 47' lang='grc' dir='ltr'>ψῖῡξΧἮΙὰξοξαζψ</span> 
     </span>
    </p>

    <p class='ocr_par' dir='ltr' id='par_1_2' title="bbox 325 362 2201 2801">
     <span class='ocr_line' id='line_1_2' title="bbox 447 362 2200 481; baseline 0.003 -26"><span class='ocrx_word' id='word_1_2' title='bbox 447 387 862 475; x_wconf 82' lang='lat' dir='ltr'>Posteaquam</span> <span class='ocrx_word' id='word_1_3' title='bbox 908 408 1059 452; x_wconf 84' lang='lat' dir='ltr'>vero</span> <span class='ocrx_word' id='word_1_4' title='bbox 1123 388 1407 454; x_wconf 83' lang='lat' dir='ltr'>Barbatis</span> <span class='ocrx_word' id='word_1_5' title='bbox 1468 391 1795 478; x_wconf 85' lang='lat' dir='ltr'>Europam</span> <span class='ocrx_word' id='word_1_6' title='bbox 1846 362 2200 481; x_wconf 70' lang='lat' dir='ltr'>occupanti·</span> 
     </span>
     <span class='ocr_line' id='line_1_3' title="bbox 353 523 2200 613; baseline 0.002 -21"><span class='ocrx_word' id='word_1_7' title='bbox 353 529 465 592; x_wconf 89' lang='lat' dir='ltr'>bus</span> <span class='ocrx_word' id='word_1_8' title='bbox 512 548 642 590; x_wconf 82' lang='lat' dir='ltr'>atra</span> <span class='ocrx_word' id='word_1_9' title='bbox 693 523 806 588; x_wconf 86' lang='lat' dir='ltr'>sub</span> <span class='ocrx_word' id='word_1_10' title='bbox 854 524 1118 612; x_wconf 84' lang='lat' dir='ltr'>caligine</span> <span class='ocrx_word' id='word_1_11' title='bbox 1168 523 1451 613; x_wconf 83' lang='lat' dir='ltr'>oppteffa</span> <span class='ocrx_word' id='word_1_12' title='bbox 1493 527 1816 590; x_wconf 79' lang='lat' dir='ltr'>literarum</span> <span class='ocrx_word' id='word_1_13' title='bbox 1865 528 2059 596; x_wconf 83' lang='lat' dir='ltr'>studia</span> <span class='ocrx_word' id='word_1_14' title='bbox 2107 532 2200 596; x_wconf 84' lang='lat' dir='ltr'>vi-</span> 
     </span>
     <span class='ocr_line' id='line_1_4' title="bbox 351 660 2201 750; baseline 0.002 -22"><span class='ocrx_word' id='word_1_15' title='bbox 351 663 695 735; x_wconf 79' lang='lat' dir='ltr'>debantur,</span> <span class='ocrx_word' id='word_1_16' title='bbox 747 660 975 748; x_wconf 81' lang='lat' dir='ltr'>primas</span> <span class='ocrx_word' id='word_1_17' title='bbox 1025 662 1234 726; x_wconf 86' lang='lat' dir='ltr'>veluti.</span> <span class='ocrx_word' id='word_1_18' title='bbox 1269 663 1560 727; x_wconf 81' lang='lat' dir='ltr'>scintillas</span> <span class='ocrx_word' id='word_1_19' title='bbox 1629 663 1940 750; x_wconf 82' lang='lat' dir='ltr'>Hispania</span> <span class='ocrx_word' id='word_1_20' title='bbox 1988 668 2201 732; x_wconf 84' lang='lat' dir='ltr'>excita-</span> 
     </span>
     <span class='ocr_line' id='line_1_5' title="bbox 346 777 2198 886; baseline 0.003 -22"><span class='ocrx_word' id='word_1_21' title='bbox 346 799 478 874; x_wconf 90' lang='lat' dir='ltr'>vit,</span> <span class='ocrx_word' id='word_1_22' title='bbox 528 799 744 886; x_wconf 85' lang='lat' dir='ltr'>quibus</span> <span class='ocrx_word' id='word_1_23' title='bbox 794 821 827 861; x_wconf 89' lang='lat' dir='ltr'>e</span> <span class='ocrx_word' id='word_1_24' title='bbox 876 797 1183 862; x_wconf 85' lang='lat' dir='ltr'>diuturnis</span> <span class='ocrx_word' id='word_1_25' title='bbox 1231 801 1498 863; x_wconf 83' lang='lat' dir='ltr'>tenebris</span> <span class='ocrx_word' id='word_1_26' title='bbox 1564 800 1633 862; x_wconf 91' lang='lat' dir='ltr'>in</span> <span class='ocrx_word' id='word_1_27' title='bbox 1684 777 1895 864; x_wconf 76' lang='lat' dir='ltr'>lucem</span> <span class='ocrx_word' id='word_1_28' title='bbox 1946 826 2198 869; x_wconf 82' lang='lat' dir='ltr'>revoca-</span> 
     </span>
     <span class='ocr_line' id='line_1_6' title="bbox 344 933 2198 1023; baseline 0.004 -23"><span class='ocrx_word' id='word_1_29' title='bbox 344 957 595 1012; x_wconf 62' lang='lat' dir='ltr'>temni-3</span> <span class='ocrx_word' id='word_1_30' title='bbox 645 955 801 998; x_wconf 84' lang='lat' dir='ltr'>nam</span> <span class='ocrx_word' id='word_1_31' title='bbox 850 933 1144 1022; x_wconf 76' lang='lat' dir='ltr'>quidquid</span> <span class='ocrx_word' id='word_1_32' title='bbox 1194 934 1355 1023; x_wconf 82' lang='lat' dir='ltr'>apud</span> <span class='ocrx_word' id='word_1_33' title='bbox 1408 936 1644 1000; x_wconf 85' lang='lat' dir='ltr'>Arabes</span> <span class='ocrx_word' id='word_1_34' title='bbox 1695 937 1946 1023; x_wconf 84' lang='lat' dir='ltr'>vigebat</span> <span class='ocrx_word' id='word_1_35' title='bbox 1992 939 2198 1007; x_wconf 83' lang='lat' dir='ltr'>adhuc</span> 
     </span>
     <span class='ocr_line' id='line_1_7' title="bbox 344 1070 2198 1163; baseline 0.002 -26"><span class='ocrx_word' id='word_1_36' title='bbox 344 1071 756 1145; x_wconf 85' lang='lat' dir='ltr'>eruditionis,</span> <span class='ocrx_word' id='word_1_37' title='bbox 814 1072 894 1137; x_wconf 74' lang='grc' dir='ltr'>ὃζ</span> <span class='ocrx_word' id='word_1_38' title='bbox 941 1070 1246 1136; x_wconf 57' lang='grc' dir='ltr'>ἀοᾶὶτίηκ</span> <span class='ocrx_word' id='word_1_39' title='bbox 1295 1071 1486 1136; x_wconf 85' lang='lat' dir='ltr'>nostri</span> <span class='ocrx_word' id='word_1_40' title='bbox 1538 1072 1720 1137; x_wconf 87' lang='lat' dir='ltr'>avide</span> <span class='ocrx_word' id='word_1_41' title='bbox 1770 1088 2198 1163; x_wconf 68' lang='lat' dir='ltr'>exeepetuntJ</span> 
     </span>
     <span class='ocr_line' id='line_1_8' title="bbox 340 1206 2196 1295; baseline 0.003 -23"><span class='ocrx_word' id='word_1_42' title='bbox 340 1206 603 1295; x_wconf 86' lang='lat' dir='ltr'>indeque</span> <span class='ocrx_word' id='word_1_43' title='bbox 655 1206 1066 1283; x_wconf 66' lang='lat' dir='ltr'>Dialee&#39;cicae‚</span> <span class='ocrx_word' id='word_1_44' title='bbox 1129 1207 1602 1285; x_wconf 81' lang='lat' dir='ltr'>Arithmeticae,</span> <span class='ocrx_word' id='word_1_45' title='bbox 1654 1209 2133 1277; x_wconf 79' lang='lat' dir='ltr'>Mathematieae</span> <span class='ocrx_word' id='word_1_46' title='bbox 2178 1262 2196 1289; x_wconf 90' lang='lat'>‚</span> 
     </span>
     <span class='ocr_line' id='line_1_9' title="bbox 340 1342 2197 1438; baseline 0.003 -30"><span class='ocrx_word' id='word_1_47' title='bbox 340 1342 804 1431; x_wconf 84' lang='lat' dir='ltr'>Philosophiae,</span> <span class='ocrx_word' id='word_1_48' title='bbox 854 1345 1147 1431; x_wconf 73' lang='lat' dir='ltr'>naturalis</span> <span class='ocrx_word' id='word_1_49' title='bbox 1178 1344 1447 1409; x_wconf 78' lang='lat' dir='ltr'>historiae</span> <span class='ocrx_word' id='word_1_50' title='bbox 1500 1345 1814 1411; x_wconf 83' lang='lat' dir='ltr'>elementa</span> <span class='ocrx_word' id='word_1_51' title='bbox 1862 1371 1936 1413; x_wconf 82' lang='lat' dir='ltr'>ex</span> <span class='ocrx_word' id='word_1_52' title='bbox 1968 1349 2197 1438; x_wconf 84' lang='lat' dir='ltr'>Hispa·</span> 
     </span>
     <span class='ocr_line' id='line_1_10' title="bbox 338 1478 2192 1572; baseline 0.003 -27"><span class='ocrx_word' id='word_1_53' title='bbox 338 1503 425 1545; x_wconf 87' lang='lat' dir='ltr'>no</span> <span class='ocrx_word' id='word_1_54' title='bbox 473 1478 606 1543; x_wconf 85' lang='lat' dir='ltr'>solo</span> <span class='ocrx_word' id='word_1_55' title='bbox 655 1482 722 1543; x_wconf 84' lang='lat' dir='ltr'>in</span> <span class='ocrx_word' id='word_1_56' title='bbox 771 1478 1035 1567; x_wconf 82' lang='lat' dir='ltr'>tel’iquas</span> <span class='ocrx_word' id='word_1_57' title='bbox 1082 1482 1350 1569; x_wconf 82' lang='lat' dir='ltr'>Europae</span> <span class='ocrx_word' id='word_1_58' title='bbox 1396 1503 1598 1569; x_wconf 82' lang='lat' dir='ltr'>partes</span> <span class='ocrx_word' id='word_1_59' title='bbox 1648 1486 2192 1572; x_wconf 83' lang='lat' dir='ltr'>commigrarunt.</span> 
     </span>
     <span class='ocr_line' id='line_1_11' title="bbox 342 1616 2195 1705; baseline 0.002 -23"><span class='ocrx_word' id='word_1_60' title='bbox 342 1616 643 1684; x_wconf 80' lang='lat' dir='ltr'>Avetrois</span> <span class='ocrx_word' id='word_1_61' title='bbox 694 1617 1035 1703; x_wconf 80' lang='lat' dir='ltr'>praesertim</span> <span class='ocrx_word' id='word_1_62' title='bbox 1100 1641 1289 1705; x_wconf 85' lang='lat' dir='ltr'>opera</span> <span class='ocrx_word' id='word_1_63' title='bbox 1340 1617 1654 1685; x_wconf 66' lang='lat' dir='ltr'>effee‘him</span> <span class='ocrx_word' id='word_1_64' title='bbox 1700 1618 1788 1684; x_wconf 89' lang='lat' dir='ltr'>est</span> <span class='ocrx_word' id='word_1_65' title='bbox 1824 1670 1841 1697; x_wconf 93' lang='lat'>,</span> <span class='ocrx_word' id='word_1_66' title='bbox 1918 1643 1988 1688; x_wconf 89' lang='lat' dir='ltr'>ut</span> <span class='ocrx_word' id='word_1_67' title='bbox 2038 1622 2195 1687; x_wconf 84' lang='lat' dir='ltr'>cele-</span> 
     </span>
     <span class='ocr_line' id='line_1_12' title="bbox 337 1753 2194 1844; baseline 0.002 -25"><span class='ocrx_word' id='word_1_68' title='bbox 337 1754 499 1821; x_wconf 79' lang='lat' dir='ltr'>brari</span> <span class='ocrx_word' id='word_1_69' title='bbox 549 1754 844 1842; x_wconf 81' lang='lat' dir='ltr'>coeperint</span> <span class='ocrx_word' id='word_1_70' title='bbox 913 1753 1261 1820; x_wconf 84' lang='lat' dir='ltr'>Aristotelis</span> <span class='ocrx_word' id='word_1_71' title='bbox 1305 1754 1470 1820; x_wconf 69' lang='lat' dir='ltr'>iibri</span> <span class='ocrx_word' id='word_1_72' title='bbox 1511 1804 1528 1831; x_wconf 92' lang='lat'>,</span> <span class='ocrx_word' id='word_1_73' title='bbox 1593 1756 1701 1844; x_wconf 86' lang='lat' dir='ltr'>qui</span> <span class='ocrx_word' id='word_1_74' title='bbox 1769 1756 2129 1823; x_wconf 78' lang='lat' dir='ltr'>Rhetoricae</span> <span class='ocrx_word' id='word_1_75' title='bbox 2174 1768 2194 1836; x_wconf 77' lang='lat'>,&#39;</span> 
     </span>
     <span class='ocr_line' id='line_1_13' title="bbox 336 1889 2187 1982; baseline 0.002 -26"><span class='ocrx_word' id='word_1_76' title='bbox 336 1892 603 1956; x_wconf 82' lang='lat' dir='ltr'>Po&#39;e&#39;ticae</span> <span class='ocrx_word' id='word_1_77' title='bbox 641 1939 656 1966; x_wconf 92' lang='lat'><em>‚</em></span> <span class='ocrx_word' id='word_1_78' title='bbox 729 1889 1107 1955; x_wconf 71' lang='lat' dir='ltr'>Dialecfficae</span> <span class='ocrx_word' id='word_1_79' title='bbox 1158 1890 1390 1982; x_wconf 62' lang='lat' dir='ltr'>fontes</span> <span class='ocrx_word' id='word_1_80' title='bbox 1465 1893 1766 1958; x_wconf 83' lang='lat' dir='ltr'>uberrimi</span> <span class='ocrx_word' id='word_1_81' title='bbox 1828 1894 2187 1961; x_wconf 84' lang='lat' dir='ltr'><strong>habentur.</strong></span> 
     </span>
     <span class='ocr_line' id='line_1_14' title="bbox 335 2026 2189 2116; baseline 0.002 -22"><span class='ocrx_word' id='word_1_82' title='bbox 335 2029 528 2114; x_wconf 85' lang='lat' dir='ltr'>Cujus</span> <span class='ocrx_word' id='word_1_83' title='bbox 577 2027 777 2092; x_wconf 82' lang='lat' dir='ltr'>etiam</span> <span class='ocrx_word' id='word_1_84' title='bbox 826 2026 1191 2116; x_wconf 78' lang='lat' dir='ltr'>philosophi</span> <span class='ocrx_word' id='word_1_85' title='bbox 1238 2029 1540 2094; x_wconf 80' lang='lat' dir='ltr'>naturalis</span> <span class='ocrx_word' id='word_1_86' title='bbox 1587 2029 1842 2096; x_wconf 79' lang='lat' dir='ltr'>historia</span> <span class='ocrx_word' id='word_1_87' title='bbox 1893 2055 2039 2097; x_wconf 88' lang='lat' dir='ltr'>cum</span> <span class='ocrx_word' id='word_1_88' title='bbox 2086 2055 2189 2098; x_wconf 82' lang='lat' dir='ltr'>ve-</span> 
     </span>
     <span class='ocr_line' id='line_1_15' title="bbox 332 2165 2188 2255; baseline 0.003 -26"><span class='ocrx_word' id='word_1_89' title='bbox 332 2187 577 2240; x_wconf 85' lang='lat' dir='ltr'>tetum,</span> <span class='ocrx_word' id='word_1_90' title='bbox 627 2186 766 2229; x_wconf 89' lang='lat' dir='ltr'>tum</span> <span class='ocrx_word' id='word_1_91' title='bbox 816 2165 1279 2242; x_wconf 79' lang='lat' dir='ltr'>recentiorum,</span> <span class='ocrx_word' id='word_1_92' title='bbox 1330 2189 1511 2254; x_wconf 80' lang='lat' dir='ltr'>atque</span> <span class='ocrx_word' id='word_1_93' title='bbox 1563 2168 1628 2231; x_wconf 85' lang='lat' dir='ltr'>in</span> <span class='ocrx_word' id='word_1_94' title='bbox 1663 2169 1886 2255; x_wconf 80' lang='lat' dir='ltr'>primis</span> <span class='ocrx_word' id='word_1_95' title='bbox 1938 2167 2188 2235; x_wconf 84' lang='lat' dir='ltr'>clariffi-</span> 
     </span>
     <span class='ocr_line' id='line_1_16' title="bbox 333 2301 2188 2392; baseline 0.002 -27"><span class='ocrx_word' id='word_1_96' title='bbox 333 2303 426 2366; x_wconf 87' lang='lat' dir='ltr'>mi</span> <span class='ocrx_word' id='word_1_97' title='bbox 476 2303 759 2366; x_wconf 84' lang='lat' dir='ltr'><strong>Domini</strong></span> <span class='ocrx_word' id='word_1_98' title='bbox 820 2301 1202 2366; x_wconf 80' lang='lat' dir='ltr'>De-Buffon</span> <span class='ocrx_word' id='word_1_99' title='bbox 1256 2303 1601 2367; x_wconf 75' lang='lat' dir='ltr'>Pasifieufis</span> <span class='ocrx_word' id='word_1_100' title='bbox 1678 2305 2046 2370; x_wconf 81' lang='lat' dir='ltr'>Academici</span> <span class='ocrx_word' id='word_1_101' title='bbox 2109 2310 2188 2392; x_wconf 80' lang='lat' dir='ltr'>ju.</span> 
     </span>
     <span class='ocr_line' id='line_1_17' title="bbox 332 2438 2180 2529; baseline 0.003 -27"><span class='ocrx_word' id='word_1_102' title='bbox 332 2439 497 2503; x_wconf 87' lang='lat' dir='ltr'>dicio</span> <span class='ocrx_word' id='word_1_103' title='bbox 585 2440 665 2506; x_wconf 69' lang='lat' dir='ltr'>&amp;C</span> <span class='ocrx_word' id='word_1_104' title='bbox 733 2438 1179 2503; x_wconf 84' lang='lat' dir='ltr'>admirabilem</span> <span class='ocrx_word' id='word_1_105' title='bbox 1245 2462 1459 2505; x_wconf 88' lang='lat' dir='ltr'>rerum</span> <span class='ocrx_word' id='word_1_106' title='bbox 1522 2441 1774 2529; x_wconf 85' lang='lat' dir='ltr'>copiam</span> <span class='ocrx_word' id='word_1_107' title='bbox 1846 2445 2180 2519; x_wconf 83' lang='lat' dir='ltr'>continet,</span> 
     </span>
     <span class='ocr_line' id='line_1_18' title="bbox 325 2574 2181 2667; baseline 0 -24"><span class='ocrx_word' id='word_1_108' title='bbox 325 2576 405 2643; x_wconf 72' lang='grc' dir='ltr'>ὃζ</span> <span class='ocrx_word' id='word_1_109' title='bbox 439 2574 975 2642; x_wconf 68' lang='lat' dir='ltr'>absolutissimum</span> <span class='ocrx_word' id='word_1_110' title='bbox 1025 2577 1525 2664; x_wconf 41' lang='lat' dir='ltr'>exemplarcaeejus</span> <span class='ocrx_word' id='word_1_111' title='bbox 1557 2578 2004 2666; x_wconf 70' lang='lat' dir='ltr'>pertracstandae</span> <span class='ocrx_word' id='word_1_112' title='bbox 2037 2602 2181 2667; x_wconf 85' lang='lat' dir='ltr'>prae-</span> 
     </span>
     <span class='ocr_line' id='line_1_19' title="bbox 325 2711 2173 2801; baseline 0.001 -23"><span class='ocrx_word' id='word_1_113' title='bbox 325 2713 470 2778; x_wconf 90' lang='lat' dir='ltr'>bet.</span> <span class='ocrx_word' id='word_1_114' title='bbox 522 2711 832 2793; x_wconf 81' lang='lat' dir='ltr'>Avettoes</span> <span class='ocrx_word' id='word_1_115' title='bbox 871 2715 1001 2801; x_wconf 83' lang='lat' dir='ltr'>ipse</span> <span class='ocrx_word' id='word_1_116' title='bbox 1035 2736 1188 2777; x_wconf 88' lang='lat' dir='ltr'>cum</span> <span class='ocrx_word' id='word_1_117' title='bbox 1216 2715 1336 2778; x_wconf 87' lang='lat' dir='ltr'>alia</span> <span class='ocrx_word' id='word_1_118' title='bbox 1376 2715 1617 2790; x_wconf 85' lang='lat' dir='ltr'>multa,</span> <span class='ocrx_word' id='word_1_119' title='bbox 1670 2737 1807 2780; x_wconf 82' lang='lat' dir='ltr'>tum</span> <span class='ocrx_word' id='word_1_120' title='bbox 1858 2716 2173 2780; x_wconf 80' lang='lat' dir='ltr'>celebrem</span> 
     </span>
    </p>
   </div>
   <div class='ocr_carea' id='block_1_2' title="bbox 329 2848 2178 2940">
    <p class='ocr_par' dir='ltr' id='par_1_3' title="bbox 329 2848 2178 2940">
     <span class='ocr_line' id='line_1_20' title="bbox 329 2848 2178 2940; baseline 0.002 -27"><span class='ocrx_word' id='word_1_121' title='bbox 329 2848 508 2915; x_wconf 83' lang='lat' dir='ltr'>illam</span> <span class='ocrx_word' id='word_1_122' title='bbox 546 2860 948 2918; x_wconf 78' lang='lat' dir='ltr'>continuationis</span> <span class='ocrx_word' id='word_1_123' title='bbox 989 2852 1201 2939; x_wconf 85' lang='lat' dir='ltr'>legem</span> <span class='ocrx_word' id='word_1_124' title='bbox 1244 2852 1470 2918; x_wconf 75' lang='lat' dir='ltr'>exiulit</span> <span class='ocrx_word' id='word_1_125' title='bbox 1497 2901 1513 2929; x_wconf 94' lang='lat'>,</span> <span class='ocrx_word' id='word_1_126' title='bbox 1563 2852 1631 2916; x_wconf 85' lang='lat' dir='ltr'>in</span> <span class='ocrx_word' id='word_1_127' title='bbox 1683 2876 1800 2940; x_wconf 83' lang='lat' dir='ltr'>qua</span> <span class='ocrx_word' id='word_1_128' title='bbox 1836 2851 2178 2917; x_wconf 78' lang='lat' dir='ltr'>excolenda</span> 
     </span>
    </p>
   </div>
   <div class='ocr_carea' id='block_1_3' title="bbox 1072 2987 2088 3054">
    <p class='ocr_par' dir='ltr' id='par_1_4' title="bbox 1072 2987 2088 3054">
     <span class='ocr_line' id='line_1_21' title="bbox 1072 2987 2088 3054; baseline 0 -3"><span class='ocrx_word' id='word_1_129' title='bbox 1072 2987 1129 3051; x_wconf 90' lang='lat' dir='ltr'>C</span> <span class='ocrx_word' id='word_1_130' title='bbox 1827 2991 1944 3054; x_wconf 80' lang='lat' dir='ltr'>Lei</span> <span class='ocrx_word' id='word_1_131' title='bbox 1954 2990 2088 3054; x_wconf 82' lang='lat' dir='ltr'>bni-</span> 
     </span>
    </p>
   </div>
  </div>
 </body>
</html>
