2462 3403
1009 309 1133 378 ψξεξ
1158 309 1286 360 XX.
1307 306 1431 376 ἔξω,

303 436 490 526 c-iscus
528 433 858 499 Ximenius
899 432 1283 506 CardinaliS‚
1334 434 1411 498 &C
1451 428 1967 517 Archiepiscopus
2009 427 2127 494 To-

303 574 583 646 tetanus,
633 570 734 656 qui
787 567 1134 633 incredibili
1186 567 1460 655 ingenii,
1523 587 1594 628 ac
1640 564 1841 628 animi
1892 566 2136 655 magni-

306 706 521 771 tudine
567 705 850 793 praeditus
881 752 895 778 ,
965 702 1369 767 celeberrima
1418 701 1525 765 illa
1574 675 1779 763 Biblia
1829 701 2139 788 Complu-

310 841 539 916 tenfia‚
587 839 937 904 incredibili
969 838 1260 926 sumpm,
1308 859 1379 901 ac
1408 835 1915 921 magnificentia,
1967 834 2142 899 eden-

313 979 389 1042 da
439 976 677 1049 curavit
714 1024 729 1050 ,
781 943 1209 1063 insignemque
1258 973 1591 1060 Compluti
1654 970 2077 1035 Academiam
2124 1019 2141 1045 ‚

314 1136 443 1200 quae
492 1110 884 1197 Theologica
929 1110 1124 1174 studia
1182 1106 1586 1197 potiffimum
1635 1107 1870 1171 coleret
1899 1155 1914 1182 ,
1955 1107 2145 1171 exci-

315 1247 505 1314 tavit.
557 1247 892 1334 Qoniam
943 1254 1090 1312 vero
1139 1244 1215 1309 de
1263 1244 1475 1331 magni
1522 1244 1701 1329 hujus
1749 1243 1866 1307 viri
1914 1240 2154 1306 institu-

318 1385 390 1448 tis
438 1382 838 1446 mentionem
888 1382 1217 1467 injecimus
1252 1428 1268 1454 ‚
1310 1379 1614 1444 admonet
1645 1401 1754 1442 nos
1797 1400 2019 1443 eorum
2060 1399 2151 1442 re-

320 1516 594 1582 cordatio
627 1565 641 1592 ,
704 1538 770 1580 ut
817 1517 873 1580 ei
925 1540 1139 1604 parem
1203 1516 1415 1580 virum
1464 1515 1875 1601 adjungamus
1937 1512 2153 1578 Cardi-

318 1653 532 1718 nalem
578 1651 908 1739 AEgidium
963 1651 1411 1715 Albornotium
1461 1649 1857 1714 Toletanum
1899 1648 2156 1713 Archie-

320 1789 683 1875 piscopum‚
732 1788 832 1873 qui
879 1789 947 1850 in
995 1783 1350 1851 doffiffima
1413 1785 1603 1850 Italiae
1662 1785 1814 1849 urbe
1864 1785 2154 1849 Bononia

322 1946 434 2010 pro
481 1922 778 2009 Hispanis
826 1922 1186 2009 Collegium
1233 1921 1529 1996 extruxit,
1579 1944 1611 1984 e
1662 1944 1780 2008 quo
1831 1917 2152 1985 clariffimi

326 2058 569 2145 semper
614 2058 731 2121 viri
779 2057 1100 2145 prodiere:
1149 2078 1290 2121 tum
1338 2057 1458 2120 illis
1505 2057 1704 2121 animi
1771 2055 2147 2144 magnitudi-

331 2217 412 2258 ne
476 2217 606 2257 non
655 2191 1014 2257 inferiorem
1056 2192 1419 2276 Johannem
1479 2190 1828 2279 Baptistam
1894 2193 2155 2266 Vives»,

334 2330 477 2416 qui,
526 2319 718 2417 quum
766 2328 1055 2393 Urbanus
1104 2330 1288 2396 VIII.
1324 2327 1648 2392 moliretur
1697 2327 1912 2390 animo
1963 2327 2158 2392 Colle-

333 2467 508 2550 gium
556 2465 748 2540 illud,
795 2464 900 2529 seu
946 2465 1374 2529 Seminarium.
1423 2462 1498 2527 de
1547 2463 1945 2551 propaganda
1994 2461 2155 2537 fide,

338 2601 403 2663 in
454 2623 572 2686 qno
619 2624 692 2666 ex
739 2600 1203 2665 omnibus'fere
1250 2600 1490 2688 populis
1538 2599 1730 2664 futuri
1795 2598 1957 2687 apud
2011 2619 2160 2661 exte-

336 2758 424 2799 ras
471 2757 682 2819 gentes
731 2735 1097 2801 Christianae
1146 2736 1419 2800 veritatis
1468 2757 1774 2823 praecones
1823 2735 2163 2798 educaren-

339 2890 467 2944 tur,
516 2873 594 2937 δί
644 2872 825 2939 literis
856 2920 871 2948 ,
917 2871 1333 2958 dod’crinisque
1381 2872 1457 2938 ad
1485 2892 1730 2936 tantum
1783 2891 2004 2934 munus
2056 2889 2162 2929 ne·

1898 2998 2074 3068 cessa·
