2462 3403
1051 286 1178 360 45·ὶὲ
1200 287 1347 342 LXI.
1369 286 1495 359 >9034-

344 432 548 476 unum
597 408 896 474 duntaxat
947 409 1111 477 illius
1159 434 1429 476 aureum
1478 434 1669 499 opm,
1733 414 2030 504 singulari
2081 418 2187 484 do-

329 546 568 620 ἆὶτῐηει,
621 547 701 612 ὃζ
753 545 1004 610 summo
1052 546 1315 612 artificio
1354 546 1780 629 elaboratum,
1833 551 2189 638 proferam,'

334 680 498 768 quod
547 683 731 747 totius
792 682 1032 747 bellicae
1079 678 1357 747 scientiae'
1394 705 1616 771 corpus
1677 692 1814 774 jure
1877 687 2188 774 quidem-

333 817 563 882 merito
612 817 963 904 Langletus
1014 839 1233 882 vocat.
1282 818 1547 882 Silentio
1590 845 1986 913 nequaquam
2046 825 2187 889 sunt

329 953 740 1039 praeteteundi
787 953 905 1017 viti
955 950 1281 1018 clariffimi
1314 1003 1328 1027 ,
1379 956 1685 1043 omnique
1739 959 1920 1025 laude
1969 959 2197 1046 digni,

330 1089 671 1176 Gregorius
705 1091 895 1173 Juam
927 1137 942 1164 ,
974 1111 1155 1176 atque
1201 1089 1509 1154 Antonius
1539 1091 1614 1155 de
1657 1093 1915 1161 Vilioa.
1950 1096 2185 1183 Qum

330 1225 511 1288 enim
562 1224 931 1289 Galliarum
981 1222 1172 1311 Regis
1223 1219 1378 1311 jussu
1434 1249 1510 1295 ex
1559 1227 1883 1296 parisiensi
1935 1229 2181 1301 Acade-

330 1361 457 1423 mia
498 1360 818 1448 peritiores
864 1358 1314 1425 Mathematici
1349 1358 1581 1425 deleffi
1627 1361 1862 1442 essent,
1893 1389 1960 1433 ut
1991 1368 2180 1433 Ame-

331 1497 614 1560 ricanam
664 1496 995 1584 regionem
1027 1492 1362 1559 meridiani
1402 1496 1624 1584 gradus
1673 1500 2180 1591 adaequatorem

329 1629 702 1696 dimetiendi
754 1628 960 1696 cauffa
1010 1652 1409 1719 peragrarent
1444 1679 1459 1706 ‚
1515 1656 1549 1697 a
1582 1633 1900 1726 Philippo
1947 1638 2180 1725 Hispa-

330 1787 565 1830 norum
619 1767 796 1853 Rege
838 1762 1292 1842 invicstissimo,
1344 1767 1762 1854 ingenuarum
1800 1775 2070 1854 artium,
2103 1796 2178 1839 ae

329 1895 805 1989 disciplinarum
861 1897 1327 1978 amantiffimo,
1359 1902 1542 1972 facile
1590 1907 2008 1996 impetrarunt
2037 1957 2054 1985 ,
2105 1931 2175 1975 ut

326 2037 445 2102 illis
493 2036 552 2100 se
591 2037 651 2099 se
685 2038 917 2102 itineris
948 2039 1249 2112 comites,
1290 2040 1370 2108 ὅζ
1398 2041 1704 2127 adjutores
1744 2046 2167 2131 adjungerent.

329 2175 483 2262 Quo
536 2173 699 2237 circa
736 2149 1262 2239 accuratissimam
1295 2174 1405 2262 ipsi
1436 2200 1677 2265 quoque
1708 2179 2169 2245 dimensionem

331 2307 705 2374 dod'ciffimis
748 2310 1220 2375 commentariis
1250 2308 1314 2374 in
1347 2310 1554 2376 lucem
1590 2314 2029 2400 prodiderunt,
2064 2339 2178 2379 un-

329 2444 405 2509 de
446 2467 796 2510 exterorum
846 2447 1142 2511 omnium
1184 2445 1708 2523 admirationem,
1760 2454 1839 2521 ὃς
1877 2453 2167 2540 plausum

331 2581 644 2646 consecuti
693 2582 877 2660 sunt,
927 2582 1233 2670 simulque
1296 2581 1542 2648 eruditis
1598 2587 1895 2652 omnibus
1944 2590 2161 2677 proba-

330 2738 478 2784 runt
519 2717 781 2808 infigues
827 2719 1318 2787 Mathematicos
1355 2719 1515 2787 aiere
1547 2720 1968 2810 Hispaniam,
2018 2742 2172 2814 quos-

1887 2996 2070 3065 facile
