2462 3403
1047 293 1170 362 *yffi
1192 297 1335 348 LIX.
1361 295 1482 363 >effla

345 449 458 484 rum
481 470 493 494 ,
541 445 739 497 quoeque
780 430 846 482 ad
886 428 1068 494 urbes,
1109 426 1568 506 &propugnacula
1588 431 1881 498 pertinent.
1919 422 2190 510 OPtime

346 579 590 643 quoque
652 558 727 620 de
777 555 899 619 hoc
950 556 1251 620 dochinae
1318 581 1543 645 genere
1594 561 1846 623 metitus
1898 560 1981 624 est
2036 563 2191 622 Au-

347 691 516 755 dreas
568 693 821 758 Gatzias
880 694 954 756 de
998 693 1302 781 Cespedes
1344 697 1520 759 novis
1556 697 1826 759 inventis
1868 697 1942 761 ad
1985 698 2195 761 altitu-

347 830 557 904 dineS,
609 852 792 915 atque
841 829 1156 893 distantias
1197 831 1608 897 dimetiendas
1655 835 2048 918 geometricis
2098 836 2194 899 in-

344 965 704 1031 strumentis
754 965 1229 1042 celeberrimw,
1280 989 1344 1031 ut
1392 969 1653 1033 eximios
1686 971 1808 1053 ejus
1851 969 1924 1031 de
1968 970 2195 1034 condu-

343 1105 556 1170 ‹stione
607 1126 904 1191 aquarum
958 1103 1255 1169 ttacffittus
1306 1108 1826 1193 praetermittam.
1877 1107 2050 1195 Qid
2103 1129 2195 1170 re-

345 1242 544 1308 feram
590 1240 954 1320 Joltannem
1004 1241 1646 1330 Caramucllemqui
1682 1243 1758 1306 de
1807 1266 2040 1307 novem
2095 1241 2197 1329 sy-

348 1379 592 1445 deribus
638 1379 797 1441 circa
840 1378 1070 1460 Jovem
1123 1374 1258 1439 vifis
1310 1376 1544 1466 scripsit
1597 1375 2073 1452 doetiffimum,
2122 1400 2194 1442 ac

351 1512 934 1604 praestautiffimum
991 1512 1228 1575 librum
1272 1560 1287 1587 ,
1354 1516 1449 1578 cui
1503 1515 1753 1590 titulus,
1803 1523 2055 1592 Matlsefis
2106 1543 2198 1579 au-

343 1661 498 1727 dax,
560 1675 677 1715 nec
725 1674 851 1713 non
916 1646 1237 1736 egregium
1303 1650 1829 1716 mathematicum
1875 1649 2193 1715 'cursum-.-

340 1787 577 1875 publici
627 1788 770 1872 juris
809 1784 1002 1860 fecit,
1035 1787 1114 1851 SC
1148 1785 1434 1873 pleraque
1483 1786 1602 1850 alia
1647 1787 1877 1874 'scripta
1928 1784 2193 1872 diligen-

343 1945 437 1987 ter
465 1923 776 1987 elaborata
817 1923 1067 2010 posteris
1100 1923 1344 2009 reliquit
1367 1971 1381 1997 ,
1414 1945 1489 1987 ex
1528 1924 1744 2011 quibus
1774 1919 2073 1987 uberrimi
2124 1919 2189 1982 in

352 2081 571 2125 omnes
620 2057 944 2123 facultates
993 2058 1223 2123 studius
1275 2058 1731 2123 redundarent.
1783 2061 1934 2124 Non
1980 2058 2190 2120 mino-

351 2218 483 2260 rem
522 2196 665 2257 sane
709 2194 826 2259 hac
875 2197 939 2258 iu
975 2217 1035 2259 te
1087 2194 1341 2259 laudem
1395 2195 1536 2259 sunt
1585 2194 1898 2260 consecuti
1940 2191 2191 2258 Paullus

355 2331 774 2395 Cibramonte
809 2378 824 2405 ,
871 2330 1232 2396 Ludovicus
1281 2332 1356 2395 de
1390 2332 1722 2406 Miranda,
1774 2330 2023 2395 Paullus
2072 2326 2194 2399 de„

351 2467 570 2540 Mera,
616 2466 829 2530 Petrus
883 2467 956 2531 de
1006 2467 1185 2554 Syria
1217 2513 1232 2542 ,
1295 2468 1640 2533 Bernardus
1688 2469 1971 2550 VargaS,
2024 2463 2192 2547 Jose-

357 2600 516 2690 phus
563 2600 639 2665 de
688 2599 857 2667 Seffe
913 2602 1290 2691 Aragonius,
1338 2607 1438 2691 qui
1487 2604 1842 2690 generalem
1883 2602 2066 2666 totius
2100 2623 2193 2665 or·

352 2737 439 2802 bis
473 2785 489 2811 ,
540 2737 621 2802 &C
662 2738 1048 2825 peculiarem
1098 2739 1312 2804 Terrae
1361 2739 1606 2804 Sanclae
1654 2737 2192 2826 descriptionem„

351 2872 581 2950 edidit,
633 2896 770 2941 tum
820 2879 1039 2942 Petrus
1089 2877 1302 2941 Portet
1345 2870 1678 2941 Caffanate
1720 2873 2188 2939 mathematica·

1095 3015 1168 3080 H
1212 3038 1240 3078 2
1920 3032 2060 3076 rum
2082 3057 2099 3087 ‚
