2462 3403
1053 290 1480 360 *ffirmxgr

425 416 749 504 Matrinus
799 415 1121 480 NIartinez
1173 415 1443 480 Medicae
1492 411 1794 477 societatis
1848 411 2171 500 Hispalen-

312 553 393 648 ..¹³⁵
457 554 690 617 Praetor
741 553 857 616 suae
907 554 975 616 in
1025 552 1298 640 Physicis
1349 550 1584 638 peritiae
1649 569 1742 612 tot
1799 548 1996 612 ·testes
2044 540 2184 612 reli-

322 688 491 777 quit,
539 711 688 775 quot
717 689 957 755 exstant
1004 688 1150 752 libri
1198 683 1476 773 (exstant
1515 706 1728 749 autem
1780 684 2181 771 complures)

325 825 402 888 ab
452 846 528 887 eo
578 824 652 888 de
699 823 869 889 hisce
919 825 1096 889 rebus
1143 822 1529 910 conscripti,
1588 821 1650 884 in
1698 820 1914 907 quibus
1966 820 2168 905 legere

325 959 410 1024 est
460 982 598 1024 tum
642 982 932 1025 veterum
975 1009 990 1036 ,
1059 981 1203 1027 turn
1267 957 1689 1023 recentiorum
1758 953 2175 1042 Philosopho-

324 1119 473 1162 rum
522 1097 755 1184 placita
823 1097 1062 1162 mirum
1113 1096 1178 1159 in
1229 1059 1495 1159 niodum
1571 1092 1895 1158 enucleata
1966 1089 2182 1155 unde-

326 1234 454 1298 cim
506 1231 712 1296 nitidis
743 1280 758 1308 ,
807 1256 922 1298 nec
967 1231 1109 1297 sane
1160 1229 1507 1317 injucundis
1557 1228 2037 1294 Aristotelicum
2086 1228 2174 1294 in-

326 1391 457 1444 ter,
525 1371 601 1436 ὅτ
679 1368 1165 1433 Carthefianum
1258 1364 1729 1432 Gaffendistam
1829 1363 2176 1451 scepticum

326 1504 622 1591 dialogis.
692 1505 946 1594 Scripfir
1017 1504 1212 1568 etiam
1279 1526 1409 1568 non
1471 1500 1805 1593 infeliciori
1878 1499 2179 1564 Minerva

328 1632 851 1729 Philosophicam
900 1640 1266 1719 historiam3
1314 1637 1390 1704 de
1439 1658 1658 1703 natura
1695 1687 1711 1712 ‚
1766 1639 1844 1704 SC
1894 1636 2176 1725 proprie-

330 1777 558 1842 tatibus
607 1779 878 1867 corporis
929 1776 1219 1842 naturalis
1249 1825 1265 1852 ‚
1315 1773 1623 1862 totiusque
1671 1774 1832 1838 orbis
1882 1772 2107 1837 terreni
2159 1821 2174 1847 ,

334 1917 413 1982 ὃζ
462 1913 718 1979 coelestis
765 1914 1020 2003 propria
1068 1891 1499 2002 phoenomena
1566 1909 1965 1996 investigavit
1998 1951 2012 1969 .
2083 1908 2175 1972 At
2258 1914 2260 1916 ’

333 2053 457 2134 ejus
505 2051 741 2137 ingenii
792 2072 1062 2114 acumen
1111 2049 1197 2113 ibi
1249 2048 1442 2135 magis
1492 2046 1726 2120 enitet,
1804 2045 1911 2109 ubi
1960 2066 2035 2107 ex
2083 2044 2175 2107 in·
2261 2134 2268 2139 s

331 2186 542 2251 stituto
588 2185 956 2251 solvendam
986 2185 1097 2250 fibi
1122 2184 1456 2274 proponit,
1505 2181 1720 2247 libello
1761 2180 1836 2245 ad
1878 2179 2001 2243 hoe
2044 2178 2177 2266 spe-

333 2325 551 2387 ciatim
622 2323 981 2399 elaboram,
1039 2321 1391 2410 implexam
1458 2319 1638 2383 illam
1719 2314 2172 2404 quaestionem:

333 2488 400 2525 an
465 2468 584 2537 infit
627 2470 796 2524 brutis
833 2428 1007 2527 &nima
1045 2468 1346 2539 sensitiva.
1413 2436 1942 2527 Anatomicarum
2012 2450 2176 2516 circa

334 2595 697 2661 humanum
746 2594 1511 2685 corpusobservationum
1558 2590 1741 2657 nobis
1792 2588 2043 2677 copiam
2087 2585 2177 2651 fa-

337 2732 468 2809 cit,
514 2732 731 2798 additis
781 2731 1154 2822 quibusdam
1203 2728 1647 2820 experimentis
1678 2776 1695 2803 ,
1760 2729 1840 2795 8(
1888 2723 2110 2789 tabulis
2157 2771 2174 2795 ,

334 2869 406 2966 in
456 2870 681 2958 quibus
729 2857 902 2937 idem
951 2882 1169 2960 corpus
1208 2920 1224 2949 ,
1290 2866 1538 2955 ejusque
1603 2861 1905 2931 struStura
1953 2856 2174 2923 descri-

1926 2996 2079 3062 bun-
