2462 3403
1057 295 1181 364 *X
1215 296 1415 349 XCIII.
1437 296 1565 365 ζῷς*

382 420 617 488 infiniti
667 419 807 484 libri
862 415 1027 506 apud
1077 442 1189 485 nos
1242 419 1550 494 eduntur,
1601 444 1675 483 ex
1726 443 1943 486 eorum
1994 422 2245 508 praeser-

380 559 500 623 tim
529 578 790 644 genere,
840 555 957 645 qui
997 554 1079 621 de
1111 556 1287 623 rebus
1326 553 1711 645 graviffimis
1748 557 2249 642 compendiarias

374 692 799 758 institutiones
849 693 1281 780 pollicentur,
1318 715 1464 781 quas
1511 692 1712 780 legere
1765 694 1839 758 ad
1892 689 2245 755 fallendum

373 832 583 895 otium
665 828 763 893 vel
805 826 1199 893 mulierculae
1245 827 1386 919 ipsae
1422 828 1670 895 valeant
1700 855 1719 906 ;r
1765 828 1922 893 adeo
1969 825 2130 890 nihil
2172 827 2235 890 in

375 965 516 1053 ipfis
564 961 690 1039 est,
742 963 914 1052 quod
961 962 1239 1030 studium
1269 1012 1294 1040 ,.
1339 964 1818 1030 contentionem
1857 1011 1873 1036 ,
1941 960 2229 1048 defatiga-

378 1102 622 1167 tionem
661 1100 862 1164 animi
914 1102 1219 1189 requirat.
1272 1100 1390 1165 His
1423 1110 1638 1165 tamen
1672 1097 1900 1166 libellis
1941 1097 2230 1164 evolven-

386 1237 474 1303 dis
524 1236 713 1304 multi
765 1235 887 1301 fibi
937 1234 1278 1304 beatiffimi
1311 1234 1640 1312 videntur,
1674 1235 1870 1325 quod,
1900 1233 2048 1298 licet
2098 1236 2238 1301 nul-

380 1373 513 1439 lam
563 1397 708 1440 vere
754 1371 1029 1450 sciendi,
1079 1374 1307 1440 saltem
1355 1373 1752 1440 uberrimam
1802 1370 2093 1459 loquendi
2145 1371 2236 1438 fa-

387 1511 689 1578 cultatem
739 1513 1069 1596 acquirant
1095 1557 1110 1585 ,
1135 1509 1299 1575 viros
1319 1505 1694 1581 clariffimos
1723 1508 2059 1575 nominent
2084 1558 2097 1581 ,
2136 1532 2241 1574 eos

381 1648 549 1713 inter
597 1646 659 1713 se
698 1644 1063 1720 conferant,
1114 1647 1328 1734 quanti
1360 1645 1613 1736 quisque
1662 1647 1740 1712 fit
1785 1644 1951 1734 quasi
2001 1645 2238 1710 libratis

378 1783 756 1873 ponderibus
784 1780 1116 1847 aestimeut.
1138 1784 1380 1850 ¹Nemo
1413 1793 1605 1872 porro*
1631 1783 1877 1873 ignorat
1919 1779 2236 1868 ejusmodi

377 1921 740 1989 libellorum
793 1919 1048 2008 copiam
1080 1969 1095 1995 ‚
1137 1920 1243 2008 qui
1293 1941 1555 2009 prop-ter
1636 1916 2037 2006 intelligendi
2087 1915 2234 1982 faci·

372 2060 658 2133 litatem,
706 2060 788 2126 ὅζ
825 2056 1161 2121 adscititios
1191 2055 1498 2145 quosdam
1552 2057 1788 2146 lepores
1826 2102 1842 2130 ,
1870 2076 1940 2118 ac
1977 2074 2240 2118 venerea„

381 2193 639 2263 dicendi,
657 2194 951 2258 omnium
992 2194 1280 2259 manibus
1334 2204 1655 2269 teruntur,
1686 2191 2045 2281 plurimum
2089 2212 2229 2254 con-

381 2332 540 2398 ferre
585 2329 667 2398 ‚ad
721 2330 1046 2417 vulgarem
1092 2326 1346 2396 fama‘m
1413 2330 1751 2394 literarum·
1813 2328 1981 2416 genti
2034 2326 2223 2390 alicui

381 2468 872 2535 conciliandam.
926 2466 1258 2550 Ejusmodi
1311 2489 1496 2557 porro
1550 2463 2106 2530 commendatione
2149 2461 2225 2525 ad

381 2604 658 2695 gloriam
708 2602 921 2670 tandiu
968 2627 1178 2672 carere
1227 2604 1290 2670 se
1329 2602 1414 2693 sel
1440 2601 1711 2692 Hispani
1774 2610 1947 2689 aequo
2007 2600 2226 2664 animo

379 2741 740 2831 patientur,
792 2740 1066 2829 quandiu
1115 2741 1427 2807 librorum
1479 2739 1758 2806 auclores
1804 2733 1928 2803 effe
1966 2735 2227 2808 volent,

380 2899 512 2944 non
560 2864 859 2959 editores;
910 2901 1027 2945 nec
1077 2902 1176 2946 eos
1224 2876 1486 2944 invadet
1529 2873 1836 2942 infestum
1885 2872 2042 2939 illud
2095 2870 2227 2933 seri-

1324 3024 1409 3092 M
1464 3038 1491 3097 3
1949 3006 2144 3076 bendi
