2462 3403
1111 314 1178 382 Μ
1206 316 1379 368 XCV.
1425 317 1549 383 3141·

462 435 679 502 Tertia
703 434 969 524 superest
1000 439 1243 515 caussa,
1278 463 1384 504 cur
1420 442 1625 506 minus
1667 443 1831 529 apud
1871 468 1977 509 nos
2020 450 2208 514 etiam

367 574 673 638 celebrata
722 572 951 638 fuerint
1001 573 1120 639 hoe
1176 575 1437 641 ineunte
1490 577 1703 643 seculo
1758 577 1958 644 studia
2011 582 2207 647 litera-

367 733 552 774 rum.
605 712 793 774 Certe
840 731 907 773 ut
952 709 1140 774 literis
1194 759 1208 785 ,
1270 734 1453 798 atque
1532 713 1783 778 literatis
1833 714 2202 783 hominibus

367 846 456 910 nil
505 847 838 934 optabilius
884 843 1007 909 effe
1064 846 1265 932 potest
1318 845 1768 916 fiorentiffimae
1840 854 2004 938 pacis
2073 856 2206 919 otio

369 980 853 1055 honestiffim0‚
905 983 991 1046 ita
1034 982 1347 1047 bellorum
1408 984 1639 1048 saevitia
1705 987 1795 1049 nil
1859 987 2207 1054 inimicum

366 1119 593 1203 magiS,
646 1117 803 1183 nihil
849 1117 1202 1200 infenfius3
1280 1119 1555 1184 hostibus
1633 1123 1808 1186 enim
1884 1119 2211 1211 regionem

366 1254 836 1330 invadentibus,
897 1278 1070 1343 agros
1119 1256 1680 1345 depopulantibuS,
1733 1261 2007 1325 civitates
2077 1286 2206 1328 va·-

367 1391 704 1468 stantibuS,
769 1390 1048 1458 difficile
1107 1392 1459 1458 admodum
1530 1393 1619 1457 est
1691 1417 1835 1459 eam
1932 1397 2200 1463 retinete

365 1528 639 1614 quietem
699 1529 937 1603 animi,
989 1531 1068 1596 Sc
1117 1529 1535 1594 constantiam
1578 1530 1851 1596 colendis
1898 1556 2048 1598 cum
2077 1533 2208 1601 fru-

366 1663 476 1727 θαι
531 1663 721 1728 literis
777 1663 930 1730 adeo
975 1662 1436 1730 neceffariamss
1485 1668 1658 1730 Inter
1722 1666 1832 1733 hos
1880 1691 2204 1735 armorum

363 1798 688 1889 strepitus,
738 1801 804 1864 in
842 1824 1071 1890 magua
1103 1825 1310 1868 rerum
1341 1802 1643 1868 omnium
1683 1805 2040 1871 turbatione
2074 1803 2232 1895 per-²

367 1938 600 2002 multos
658 1962 851 2003 annos
906 1940 1218 2027 Hispania
1279 1939 1402 2004 hoe
1435 1933 1703 2006 *ineunte
1758 1942 1965 2007 seculo
2009 1943 2211 2009 versa--

365 2094 426 2137 ta
477 2073 562 2138 est
624 2075 867 2140 nullam
928 2098 1054 2139 non
1089 2098 1338 2165 experta
1382 2075 1529 2139 belli
1568 2077 2038 2155 calamitatem,
2085 2103 2215 2168 quo·

366 2211 621 2298 quidem
675 2233 962 2300 tempore
1015 2212 1458 2300 Hispanorum
1519 2215 1714 2303 magis
1767 2215 2008 2283 virtutis
2077 2215 2203 2281 fuit

366 2345 539 2411 rebus
587 2346 868 2424 fortiter,
919 2371 990 2414 ac
1042 2349 1332 2438 praeelare
1386 2350 1563 2438 gestis
1619 2352 2017 2440 suppeditare
2071 2353 2211 2416 aliis'

365 2484 821 2550 conscribendae
874 2485 1141 2552 historiae
1196 2488 1573 2563 materiam,
1634 2512 1826 2575 quam
1873 2488 1949 2553 ad
1997 2490 2207 2554 colen·

364 2618 466 2684 das
519 2622 799 2687 mitiores
853 2623 1057 2689 literas
1109 2624 1322 2711 patriae
1365 2621 1602 2690 deeffe.
1651 2627 1735 2690 Et
1766 2625 2023 2713 quidem
2069 2649 2202 2689 non

366 2756 496 2822 fine
535 2760 665 2822 Dei
705 2759 931 2847 optimi
989 2760 1257 2825 maximi
1316 2759 1889 2828 beneficentissimo
1950 2761 2209 2827 confilio

368 2895 724 2982 putandum
776 2895 861 2963 est
901 2894 1213 2973 evenisse,
1251 2918 1315 2963 ut
1361 2920 1491 2985 quae
1535 2895 1735 2964 caussa
1768 2921 1897 2964 erat
1935 2899 2084 2964 belli
2118 2900 2208 2983 ju·-

1943 3035 2120 3103 stissi-
