2462 3403
1087 253 1537 325 &NLXXQQ

368 380 474 445 bus
525 375 979 447 accuratiffime
1031 377 1312 468 scripfit3
1360 380 1685 468 Didacum
1717 377 1791 445 de
1837 379 2189 448 Saavedra„

367 513 677 588 Faxardo,
714 536 896 602 quem
924 511 1372 578 eruditiffimus
1401 515 1682 579 Struvius
1712 513 1917 578 virum
1963 515 2194 580 doc'lri-

367 671 462 713 nae
510 647 858 721 soliditate,
907 647 1165 734 judiciO,
1216 647 1336 714 usu
1365 696 1380 723 ,
1419 650 1760 737 animoque
1812 648 2065 714 cordato
2097 650 2188 714 in-

365 781 608 869 fignem
635 783 934 870 appellat,
965 806 1354 871 nequaquam
1383 781 1937 849 commemorabo,
1971 787 2189 872 Neque

359 916 703 1004 Josephum
754 917 1017 1003 Pellizer
1059 918 1134 982 de
1182 919 1347 983 Salas
1396 920 1461 985 in
1511 920 1799 984 medium
1846 917 2191 1016 afferam,

362 1051 462 1138 qui
506 1075 808 1138 quantum
842 1053 1127 1118 docf’trina
1162 1053 1459 1139 valuerit,
1509 1055 1589 1120 ὃζ
1627 1054 1968 1118 eruditione
2014 1056 2192 1142 quin-

365 1186 701 1273 quaginta,
751 1189 830 1253 &
878 1189 1072 1265 ultra,
1129 1212 1261 1276 quae
1305 1189 1773 1277 promulgavit,
1819 1212 2004 1276 opera
2052 1190 2190 1254 satis

359 1341 573 1407 aperte
606 1320 920 1387 declarant
945 1374 958 1388 .
1003 1323 1106 1389 Ad
1154 1325 1520 1390 recentiores
1552 1329 1681 1411 jam
1715 1322 2187 1390 descendamus:

358 1454 753 1520 Navarienfis
815 1458 1025 1545 Regni
1088 1461 1340 1524 annales
1405 1457 1857 1549 elegantiffime
1894 1508 1909 1532 ,
1958 1481 2188 1547 atque.»

361 1590 814 1656 accuratiffime
863 1592 1217 1681 prosecutus
1265 1593 1351 1657 est
1396 1595 1751 1659 Franciscus
1792 1595 1865 1659 de
1903 1593 2185 1660 Alezon.

361 1723 833 1795 Succeffionem
868 1728 1153 1817 Philippi
1188 1730 1271 1795 V.
1302 1728 1604 1818 Hispanae
1639 1731 1904 1796 Coronae
1945 1725 2188 1815 justiffi-

362 1883 543 1928 mam
593 1863 1043 1930 demonstravit
1088 1864 1400 1953 Antonius
1450 1866 1524 1931 de
1569 1866 1792 1941 Ulloa,
1841 1866 1921 1932 ὅζ
1973 1864 2180 1929 Medi-

357 2021 470 2062 na.
523 1999 933 2064 Gallitiarum
960 2000 1167 2086 Regni
1218 2000 1471 2064 annales
1523 1997 2024 2088 diligentissime,
2058 2023 2187 2064 eru·

360 2130 777 2222 ditiffimeque
826 2132 1118 2198 tractavit
1167 2135 1472 2199 Xaverius
1521 2135 1909 2199 Emmanuel
1960 2133 2037 2198 de
2085 2133 2186 2199 la..

357 2266 631 2339 Huerta.
680 2272 756 2333 In
804 2267 1128 2332 referenda
1174 2269 1497 2357 Hispaniae
1546 2270 1795 2335 historia
1864 2270 1942 2333 ab
1993 2267 2186 2335 orbe„

360 2403 614 2466 condito
679 2403 755 2468 ad
804 2426 1049 2467 annum
1114 2403 1300 2491 usque
1359 2405 1768 2471 millefimum
1833 2402 2184 2469 tercentesi-

357 2559 541 2600 mum
589 2537 1122 2625 quadragesimum
1172 2540 1603 2604 immortalem
1651 2542 1906 2630 adeptus
1958 2537 2046 2602 est
2092 2537 2184 2601 fa-

355 2695 533 2737 mam
578 2672 889 2756 Johannes
938 2672 1012 2737 de
1058 2675 1370 2769 Ferret-2133
1427 2675 1492 2740 in
1531 2676 1873 2741 enarranda
1922 2674 2178 2737 Mauro-

360 2831 500 2873 rum
561 2808 629 2872 in
698 2810 1023 2897 Paraguay
1088 2808 1448 2877 reductione
1508 2811 1821 2895 Johannes
1886 2803 2178 2900 patritius

1954 2942 2088 3003 Fer·
