2462 3403
1021 250 1509 321 ÷»Q<Lx1xffeff<÷

346 344 714 446 excellentia
771 376 1134 465 Alphonsus
1190 377 1430 443 Catillo
1481 373 1670 441 Laffo
1730 375 1901 440 dela
1955 378 2188 464 Vega?

349 517 714 603 Alphonsus
762 535 906 576 vero
960 512 1323 578 Fernandez
1368 513 1774 578 Placentinus
1830 531 2184 598 quantam

341 650 450 714 fibi
502 649 960 739 comparaverit
1008 649 1298 724 laudem,
1347 672 1417 712 ac
1460 648 1704 711 famam
1757 649 1820 709 in
1863 645 2184 710 referenda

340 786 721 850 Placentinae
775 784 983 858 urbis,
1039 805 1219 872 atque
1277 784 1674 870 Principatus
1741 781 2029 855 historia,
2093 782 2183 844 vi-

341 923 529 986 deant
558 920 802 985 eruditi.
839 917 1405 984 Praetermittendus
1430 918 1910 1005 haudquaquam
1943 915 2025 979 est
2048 919 2185 980 Bet·

341 1056 564 1120 nardus
613 1055 688 1121 de
730 1054 1022 1120 Alderete
1055 1107 1071 1133 ‚
1132 1058 1301 1140 cujus
1353 1053 1427 1118 de
1480 1052 2178 1139 variis'antiquitatibus

341 1192 701 1280 Hispaniae‚
739 1190 1009 1268 Africae,
1059 1192 1440 1278 aliarumque
1490 1190 1970 1253 Provinciarum
2028 1211 2180 1275 opus

337 1326 815 1404 dofflffimum,
847 1306 1065 1415 patum
1109 1348 1496 1400 commune,
1555 1326 1634 1391 ὃζ
1703 1327 2181 1413 ingenuarum

339 1463 768 1528 eruditionum
810 1464 1072 1550 pienum
1108 1461 1448 1546 Langletus
1492 1459 2180 1525 nominat.Thomam

336 1598 686 1684 Tamajum
736 1598 812 1663 de
865 1597 1145 1684 Varga'S,
1207 1596 1642 1662 Franciscum·
1674 1597 2000 1661 Didacum
2053 1595 2178 1663 de,

335 1735 596 1822 Aynsa‚
643 1755 823 1821 atque
855 1733 1268 1821 Alphonsum
1305 1731 1586 1798 Sanchez
1612 1743 1899 1799 Moratalla
1941 1727 2173 1796 notiffi·

339 1892 485 1946 ma,
532 1894 603 1935 ac
644 1870 847 1935 multa
877 1920 890 1945 ,
927 1893 1059 1958 quae
1107 1872 1271 1958 typis
1314 1868 1739 1946 mandarunt,
1802 1892 1987 1958 opera
2036 1866 2176 1932 satis

342 2006 846 2071 commendant.
900 2007 1040 2070 Nec
1100 2006 1418 2070 minorem
1473 2005 1619 2068 sane
1671 2007 1980 2071 consec-uti
2040 2006 2178 2069 sunt

342 2140 610 2228 gloriam
664 2141 879 2208 Petrus
939 2140 1017 2205 de
1068 2141 1311 2216 Roxas,
1366 2163 1438 2205 ac
1485 2141 1844 2207 Franciscus
1900 2141 2177 2205 Andreas

340 2274 415 2340 de
447 2276 740 2342 Ustarroz
764 2328 778 2354 ‚
813 2290 1077 2365 quotum
1118 2278 1352 2364 primus
1383 2277 1657 2372 numeris
1692 2277 1979 2342 omnibus
2014 2275 2176 2340 abso}-

338 2411 533 2476 lutam
567 2411 783 2477 Toleti
851 2411 1174 2477 historiam
1229 2413 1456 2490 edidit;
1508 2413 1663 2477 alter
1705 2435 1848 2476 vero
1888 2412 1962 2476 de
2012 2411 2176 2477 urbis

340 2547 560 2611 Malen
600 2551 1006 2638 antiquitate,
1060 2548 1136 2611 de
1183 2549 1490 2613 veteribus
1522 2548 1820 2637 Hispanis
1873 2548 2175 2623 nummiS,

338 2708 484 2772 quos
531 2686 619 2748 D.
660 2686 1034 2751 Vincentius
1072 2687 1229 2768 Juan
1258 2684 1336 2750 de
1369 2683 1712 2751 Lastanosa
1750 2685 1812 2748 in
1845 2685 2177 2773 publicum

342 2820 637 2909 protulit,
687 2822 768 2888 ὅζ
816 2822 893 2888 de
919 2820 1420 2908 Aragonenfium
1468 2822 1722 2912 Regum
1755 2820 2176 2887 coronationi-

1974 2957 2088 3023 bus
