2462 3403
995 292 1120 362 Μ
1141 295 1459 347 Lxxxnc.
1479 294 1606 364 >ew

355 417 621 509 ingeniis
673 415 973 494 inventa,
1002 440 1111 485 aut
1156 418 1434 509 expolita
1474 417 1684 499 fuere3
1722 420 1812 485 nil
1853 443 2076 489 eorum
2116 446 2206 490 ta·

359 579 508 621 men
553 555 853 644 reperim,
892 555 1058 643 quod
1102 579 1234 621 non
1279 554 1535 644 perinde
1580 555 1744 645 apud
1785 554 2020 621 nostros
2065 559 2208 624 seti-

354 694 538 770 bere,
592 716 664 758 ac
713 688 988 780 prosette
1039 688 1354 757 licuiffet.
1406 693 1759 769 Contra,fi
1797 693 2006 758 oculos
2057 718 2208 760 eon-

358 831 658 896 vertimus
694 827 776 893 acl
829 826 1325 892 innumerabiles
1375 827 1550 903 illos,
1582 829 2044 920 uberrimosque
2095 828 2205 895 foe-

359 990 448 1032 tus
477 1016 493 1042 ,
524 965 627 1053 qui
672 987 746 1029 ex
786 963 990 1052 impia
1029 963 1139 1029 illa
1177 961 1483 1028 scribendi
1525 964 1780 1030 lieentia
1817 967 2206 1054 prodierunt,

354 1103 502 1192 quid
575 1098 835 1166 tandem
911 1123 984 1165 ex
1062 1100 1157 1165 his
1231 1100 1411 1166 bonae
1468 1099 1658 1189 frugis
1743 1100 1824 1167 ad
1880 1103 2207 1171 literarum

356 1258 748 1328 proventum
799 1235 1018 1325 colligi
1073 1235 1348 1325 poterit?
1401 1237 1580 1326 Qid
1615 1286 1630 1313 ‚
1672 1239 1870 1326 quaeso
1904 1289 1919 1317 ‚
1958 1239 2208 1330 profue-

356 1395 502 1441 runt
554 1373 808 1440 Perficae
861 1374 1050 1440 litetae
1089 1423 1104 1450 ,
1135 1370 1407 1457 Judaicae
1438 1422 1452 1449 ‚
1495 1374 1889 1442 Cabalisticae
1925 1426 1942 1454 ,
1982 1380 2210 1467 aliique

353 1512 534 1597 hujus
592 1508 849 1575 furfuris
899 1504 1314 1576 exitiofiffimi
1364 1508 1620 1575 libelli?
1674 1510 1947 1578 Irrident
1998 1538 2210 1580 tecen-
2306 1488 2309 1491 Δ

353 1649 531 1714 tiores
577 1644 747 1710 haud
779 1647 960 1734 pau-ci
1004 1667 1253 1736 patrum
1306 1643 1952 1726 suoru-mqinseitiam‚
1983 1650 2208 1738 quibus

355 1783 770 1851 vehementer
828 1781 1166 1870 placebant
1228 1780 1582 1848 Amadi-fius
1641 1784 1866 1851 Gallus
1901 1834 1916 1862 ,
1975 1786 2209 1852 Orlan·

356 1920 497 1995 dus,
546 1920 758 2006 Cyrus
808 1919 1084 2006 Magnus
1113 1969 1130 1996 ‚
1172 1918 1409 2007 aliaque
1471 1919 1652 2008 pretii
1695 1921 1973 2009 ejusdem
2031 1921 2208 1989 volu-

356 2058 576 2134 mina;
617 2077 736 2120 uec
796 2055 1141 2124 advertunt
1190 2058 1403 2143 pejore
1451 2056 1514 2122 se
1562 2057 1632 2121 ,in
1684 2080 1889 2127 errore
1940 2056 2207 2133 versari,

356 2195 461 2284 qui
503 2215 890 2279 magnopere
931 2215 1187 2268 amant,
1213 2191 1589 2281 laudantque
1622 2191 1832 2259 futiles
1875 2215 2208 2260 commen-

357 2331 625 2396 tationes
675 2328 962 2417 religioni
1000 2378 1023 2406 γ,
1063 2352 1134 2395 ac
1186 2330 1465 2395 moribus
1503 2328 1793 2398 adversas
1827 2379 1842 2407 ,
1897 2350 2206 2420 aegrotum

358 2467 642 2541 somnia,
687 2465 766 2532 ὃζ
817 2488 1111 2555 portenta
1166 2465 1624 2532 delirantium.
1665 2469 1894 2557 Neque
1945 2468 2079 2535 haec
2121 2467 2215 2533 so·

361 2604 502 2670 lum
560 2602 656 2667 nil
715 2602 1045 2670 conferunt
1114 2603 1192 2670 acl
1247 2603 1575 2669 literarum
1628 2603 1870 2670 cultum
1914 2655 1931 2681 ,
1987 2627 2208 2671 verum

362 2740 719 2831 plurimum
771 2739 1116 2817 obsistunt,
1169 2764 1305 2804 non
1366 2740 1535 2806 secus
1597 2763 1781 2827 ‘atque
1838 2740 2209 2807 luxurianti-

365 2879 480 2946 bus
544 2877 745 2944 noxiis
794 2877 998 2944 herbis
1055 2874 1373 2968 praefocati
1429 2876 1669 2965 optima
1717 2876 1973 2944 semina
2023 2877 2215 2943 intet-

1293 3012 1375 3077 M
1932 3012 2084 3082 dum
2103 3061 2122 3093 ‚
