2462 3403
978 263 1101 334 ὣς
1115 260 1413 315 Lxxvnr
1429 260 1556 330 §eto

345 384 526 450 lebris
577 381 960 460 Academia,
1007 406 1134 470 quae
1183 385 1371 472 vulgo
1420 393 1837 465 inscriptionum,
1887 391 1952 456 Φ»
2003 394 2170 455 haema-

348 532 548 585 niorum
577 532 842 585 literarum
888 518 1260 606 appellatur.
1303 519 1517 584 Solam
1566 519 1915 604 hujusmodi
1969 518 2177 585 disset·

349 658 653 722 tationem
703 653 777 717 ad
831 653 1219 740 probandam
1289 654 1725 742 Hispanorum
1788 653 2177 719 literaturam

352 791 490 854 satis
537 789 832 875 superque
890 786 1011 852 esse
1063 787 1379 851 Authores
1445 788 1538 852 isti
1594 788 1879 852 dixerunt
1929 789 2027 852 vel
2068 789 2178 850 in„

349 922 505 999 st113,
557 947 698 1010 quas
741 923 853 986 sub
902 924 1360 987 memoriarum
1401 925 1661 988 nomine
1698 923 1763 984 in
1793 925 2010 1010 vulgus
2043 923 2182 987 ede·

351 1082 413 1122 re
447 1058 680 1131 solent,
732 1058 1104 1121 orationibus
1131 1083 1145 1136 ;
1177 1082 1369 1145 eaque
1418 1081 1480 1120 os
1532 1057 1761 1123 obst-rui
1796 1058 2177 1123 obtreehto-

348 1193 512 1256 ribus
542 1190 753 1254 nostris
778 1193 964 1278 piane
995 1193 1403 1267 arbitrantur,
1438 1195 1597 1259 moti
1639 1194 1900 1270 scili-zer,
1943 1216 2010 1256 ut
2055 1192 2177 1280 ipfi

351 1332 528 1414 ajunt
549 1374 565 1402 ,
597 1347 737 1390 tum
778 1327 1135 1415 Hispaniae,
1177 1350 1314 1392 tum
1346 1329 1664 1394 literarum
1687 1377 1703 1403 ,
1734 1328 2170 1392 scientiarum-

353 1486 472 1551 que
520 1484 733 1526 amore
779 1513 793 1527 .
841 1463 961 1528 Sed
1007 1487 1202 1549 quum
1249 1465 1437 1551 probe
1496 1465 1689 1528 seiam
1750 1466 2181 1528 Monteanum

354 1597 637 1663 nostrum
679 1597 884 1661 virum
932 1597 1462 1663 modestiss'lmum
1507 1597 1710 1661 facere
1751 1596 1939 1684 digna
1977 1596 2177 1672 laude,

355 1754 544 1822 quam
617 1731 848 1797 laudari
910 1732 1101 1797 malle
1135 1782 1152 1807 ,
1216 1734 1538 1800 calamum
1585 1731 1852 1798 cohibeo
1886 1781 1903 1807 ‚
1950 1734 2029 1798 ὃς
2100 1730 2180 1796 ad

355 1868 503 1933 alios
551 1866 909 1954 progredior
946 1917 958 1931 .

449 2003 642 2088 Qod
676 2003 949 2089 superius
990 1989 1286 2090 promifi,
1332 2027 1437 2070 me
1477 2003 1710 2068 seilicet
1744 2025 1890 2068 ante
1929 2002 2184 2085 hujosee

355 2132 786 2205 dissertationis
817 2136 1020 2201 finem
1060 2138 1511 2202 nonnullorum
1567 2160 1641 2201 ex
1680 2137 1978 2225 Hispanis
2029 2138 2172 2201 viris

356 2273 644 2337 daturum
693 2272 1008 2346 indicem,
1057 2274 1271 2359 quibus
1319 2275 1401 2338 rei
1453 2273 1802 2360 antiquariae
1845 2294 2062 2347 amor,
2097 2292 2182 2337 at·

357 2429 471 2492 que
509 2408 829 2471 ornatioris
880 2406 1245 2494 eloquentiae
1279 2406 1556 2472 studium
1597 2408 2031 2471 immortalem
2077 2429 2184 2494 pe·
2244 2459 2250 2464 .

356 2562 568 2629 perere
625 2541 986 2621 honorem,
1043 2567 1113 2608 ac
1159 2543 1421 2632 gloriam
1483 2565 1622 2608 tum
1676 2542 1839 2631 apud
1891 2541 2174 2617 nostr033

357 2698 507 2744 cum
558 2675 722 2763 apud
771 2699 1004 2742 exteros
1034 2727 1050 2754 ,
1099 2680 1253 2744 illud
1302 2677 1457 2743 dum
1508 2680 1690 2766 cupio
1740 2678 2131 2765 persolvere.-
2162 2722 2178 2752 ‚

356 2833 533 2900 atque
579 2811 959 2901 adimplere,
992 2813 1138 2880 sorti
1197 2837 1352 2881 meae
1401 2835 1783 2904 magnopere
1839 2811 2115 2898 gratulor
2150 2856 2167 2885 ,

1925 2943 2091 3033 quod
