2462 3403
1110 292 1550 365 ⁴50>5<XCLXQ÷
2163 377 2167 381 Α

397 424 519 491 niae
586 417 819 485 finibus
871 441 1202 488 arceantur
1249 472 1264 499 ,
1315 445 1432 488 nec
1494 445 1779 514 unquam
1836 420 2259 502 succrescant}

398 582 532 648 quae
580 559 820 623 avitam
882 560 1087 646 gentis
1153 558 1372 625 nostrae
1423 528 2063 648 plenam'dignitatis
2109 583 2254 624 con-

401 695 696 760 stantiam
734 744 749 770 ‚
788 696 1207 783 gravitatem,
1249 717 1432 783 atque
1479 698 1541 759 in
1585 694 1975 762 sancHffima
2022 693 2261 780 religio-

404 855 483 896 ne
523 831 684 896 caste
711 829 1133 917 ,fideliterque
1190 831 1514 895 retinenda
1566 836 1870 920 pietatem
1897 880 1911 907 ,
1946 814 2024 897 8ζ
2063 828 2262 896 fidem

404 967 844 1032 contaminare
884 963 1178 1052 poffunt.
1227 966 1423 1030 Nobis
1473 990 1620 1033 vero
1660 970 1782 1035 hoc
1829 990 2113 1054 tempore
2153 989 2266 1053 po-

408 1103 549 1167 tiori
600 1107 729 1188 jure
787 1102 1128 1167 laetandum
1189 1101 1274 1167 est
1313 1151 1328 1179 ‚
1386 1104 1753 1193 graviffimo
1822 1104 1969 1169 huic
2017 1101 2267 1167 muneri

411 1240 621 1306 vitum
692 1235 1167 1327 ampliffimum
1222 1237 1469 1327 praeeffe
1541 1266 1670 1307 non
1736 1265 1873 1309 tam
1924 1239 2264 1327 dignitate3

409 1360 603 1465 quam
645 1377 953 1442 virtutum
996 1377 1295 1441 omnium
1334 1376 1667 1465 splendore
1707 1373 2261 1468 speckatiffimum.

409 1511 527 1576 Ille
569 1512 833 1587 scilicet,
864 1534 1063 1599 quum
1089 1511 1465 1602 Philippum
1509 1515 1787 1591 Parmae,
1817 1514 1890 1578 ac
1932 1511 2266 1577 Placentiae

409 1650 673 1714 Ducem
728 1647 806 1713 ad
857 1648 1102 1714 bellum
1142 1649 1439 1715 Italicum
1472 1700 1487 1727 ,
1518 1653 1911 1717 conscientiae
1955 1655 2081 1737 ejus
2128 1673 2265 1715 mo·

411 1783 693 1862 deraret,
737 1786 1071 1851 comitatus
1112 1783 1264 1851 effet
1292 1833 1308 1863 ‚
1340 1790 1492 1875 quas'
1510 1789 1714 1854 Urbes
1738 1834 1754 1866 ,
1781 1793 1861 1858 ὃζ
1899 1788 2261 1853 Provincias

409 1921 684 2010 Hispani
725 1932 890 1988 armis
933 1921 1056 1988 late
1101 1934 1428 1990 obtinuerunt
1455 1974 1472 2001 ‚
1514 1926 1820 1992 virtutum
1862 1925 2132 2016 suarum
2158 1924 2264 1988 ad-

408 2059 754 2145 miratione
807 2059 1163 2148 complevit
1193 2086 1209 2139 3
1261 2083 1525 2150 quatum
1606 2062 1812 2129 adhuc
1872 2062 2262 2129 memoriam

412 2194 774 2263 suaviffima
831 2220 1121 2291 repetunt
1179 2202 1844 2279 commemoratione,
1914 2202 2077 2289 quod
2144 2223 2259 2288 ego

412 2335 579 2424 soepe
649 2357 922 2401 numero
983 2326 1116 2402 non
1182 2337 1307 2404 fine
1389 2341 1676 2408 maxima,
1758 2341 2084 2430 voluptate
2156 2339 2260 2404 abs

413 2474 745 2561 regionum
837 2474 1089 2540 illarum
1173 2476 1538 2544 hominibus
1609 2479 1902 2545 testatum
1975 2478 2186 2545 audivi
2246 2524 2260 2540 .

416 2612 571 2676 Non
619 2634 732 2700 ego
780 2632 1033 2679 tantum
1082 2613 1245 2678 mihi
1293 2615 1501 2681 tribuo
1529 2666 1544 2692 ,
1587 2642 1655 2683 ut
1689 2615 2061 2707 amplissimi
2104 2620 2263 2682 Prae-

415 2746 562 2813 sulis
608 2752 957 2837 promerita
1009 2753 1111 2817 vel
1157 2758 1728 2822 commemorando
1762 2757 2122 2847 percensere
2164 2778 2261 2822 va-

415 2885 628 2966 leam,
673 2888 913 2955 nedum
968 2913 1182 2958 ornare
1236 2891 1505 2959 dicendo
1557 2945 1570 2960 .
1635 2895 1933 2977 Tantum
1996 2867 2115 2960 hoc
2171 2915 2294 2970 re-⁴

1344 3026 1444 3094 M'
1488 3057 1518 3093 2
2027 3051 2172 3099 cen..
