2462 3403
1054 289 1176 361 ιὶοζᾶεί
1189 293 1275 346 LI.
1292 289 1417 362 KQ·

310 439 494 506 atque
542 438 575 480 a
623 413 861 503 vulgari
912 415 1290 503 cogitatione
1350 417 1722 491 remotum}
1789 413 1953 503 quod
2022 415 2152 504 ipse

306 578 438 617 non
514 552 882 641 pervaderet
930 579 945 632 3
1006 551 1164 617 nihil
1235 534 1386 617 tam¹
1437 551 1835 618 reconditum
1876 602 1894 628 ,
1964 573 2149 639 atque

305 688 694 778 implexum,
747 689 907 778 quod
960 690 1119 754 mira
1165 688 1472 754 facilitate
1522 712 1649 754 non
1682 690 1983 755 solveret.
2033 689 2153 754 Ro-

306 851 414 892 ma
473 825 698 892 deinde
766 824 1083 914 profee‘ms
1125 874 1141 899 ,
1206 849 1397 914 quam
1446 825 1726 891 hauserat
1787 826 1852 890 in
1903 826 2162 914 patria}

308 963 726 1051 Phyficatum
774 984 988 1027 rerum
1060 962 1357 1026 notitiam
1422 961 1692 1050 prodidit
1760 963 1851 1026 bis
1928 962 2155 1027 decem

305 1099 577 1188 Elegiis,
644 1099 862 1187 quibus
940 1099 1151 1163 titulus
1221 1098 1570 1164 Amalthea
1650 1098 2149 1187 Geographica.

307 1239 384 1302 In
436 1237 519 1299 eis
584 1235 913 1324 explicatas
971 1236 1130 1323 leges
1195 1236 1606 1325 plantarum,
1690 1235 2153 1325 herbarumque

308 1395 650 1447 naturam,
699 1394 878 1462 atque
929 1372 1200 1458 eleganti
1287 1372 1451 1460 stylo
1518 1373 1790 1460 exposita
1858 1397 1993 1461 quae
2052 1373 2161 1438 alii

308 1508 385 1574 de
436 1508 745 1600 merallu,
799 1509 1082 1584 inseetis,
1140 1507 1447 1595 piscibuS,
1520 1529 1701 1596 atque
1771 1508 2156 1596 serpentibus

309 1643 638 1711 disseruere
674 1695 689 1721 ‚
763 1646 1007 1736 frigoris
1057 1667 1386 1734 praeterea‚
1452 1646 1533 1712 ὃζ
1582 1645 1798 1710 caloris
1850 1642 2083 1711 cauffas
2136 1653 2156 1721 ,'

311 1784 717 1871 proprietates
755 1833 771 1859 ‚
847 1784 928 1850 8<
993 1780 1258 1847 affecffffls
1324 1777 1663 1846 clatisfime
1730 1781 2154 1847 demonstrata

310 1920 663 1984 miraberis,
714 1919 1095 2008 Composuit
1141 1922 1374 2007 pariter
1433 1918 1777 1983 transsatum
1827 1919 1903 1984 de
1951 1918 2154 1984 animi

310 2053 794 2129 affeetionibus,
848 2055 1116 2119 minime
1167 2054 1750 2142 contemnendum,
1801 2077 1994 2143 quem
2031 2076 2154 2121 me-

306 2191 428 2255 rito
479 2192 697 2256 vivam
769 2192 1026 2256 illarum
1102 2192 1455 2278 imaginem
1514 2191 1835 2280 appelles·
1908 2191 2153 2256 Eximii

306 2326 481 2414 hujus
528 2330 728 2416 operis
751 2295 1143 2416 Reipublicae
1191 2328 1473 2394 literariae
1507 2328 1760 2416 copiam
1806 2326 1994 2402 fecit,
2048 2327 2156 2394 ad-

306 2463 517 2549 junsta
564 2446 796 2530 laudati
847 2466 1136 2552 Gregorii
1164 2465 1441 2554 Mayans
1492 2463 1902 2553 praefatione,
1952 2464 2159 2529 excel-

308 2596 701 2665 lentiffimus
734 2601 902 2689 apud
952 2603 1282 2690 Hispaniae
1333 2603 1581 2690 Regem
1625 2601 1921 2665 Britaniae
1952 2604 2150 2691 Lega-

311 2759 408 2802 tus
456 2737 570 2801 sub
621 2738 767 2801 anni
820 2739 1140 2825 superioris
1187 2737 1389 2802 finem
1440 2739 1569 2802 vita
1607 2737 1888 2803 fumeius.
1941 2737 2152 2802 Ludo·

313 2873 478 2939 vicus
526 2870 805 2941 Lossoda
852 2878 972 2942 Soc
1030 2876 1171 2960 Jesu
1189 2875 1550 2962 :Sacerdoffi
1598 2876 1679 2943 81
1726 2875 1791 2942 in
1824 2873 2163 2940 Salmanti-

1049 3012 1114 3078 G
1168 3038 1198 3075 2
1901 3033 1967 3076 ce
1977 3009 2064 3074 nfi
