2462 3403
966 264 1091 334 ωυε
1116 266 1426 317 Lxxxm.
1450 267 1574 335 κθ

346 393 565 462 exteris
614 388 981 455 hominibus
1019 386 1143 457 essc
1201 389 1385 456 debet
1415 439 1430 465 ,
1492 385 1797 476 nusquam
1828 389 2014 477 -apud
2065 415 2178 456 no-

344 530 492 594 stros
540 522 836 601 defuisse,
886 527 990 614 qui
1031 526 1344 592 bonarum
1393 525 1622 591 artium
1652 523 1850 589 studia
1894 527 2178 594 maximo

346 687 491 729 cum
527 663 733 728 fructu
782 665 1135 728 excolerent
1161 712 1176 727 .

477 801 579 864 Ac
624 799 898 864 recensui
967 799 1224 886 quidem
1272 797 1574 861 hactenus
1629 793 2185 884 quambreviffime

347 936 703 1022 complures
775 959 848 999 ex
904 933 1122 998 nostris
1186 933 1630 1021 ScriptoribuS,
1699 934 1797 1021 qui
1858 935 2179 1022 sapientiae

347 1070 531 1136 laude
589 1072 652 1134 in
708 1071 930 1158 primis
979 1070 1358 1159 excelluere,
1403 1069 1641 1133 secutus
1699 1090 1807 1133 aut
1882 1069 2179 1134 ordinem

348 1230 713 1295 temporum
739 1255 753 1282 ,
770 1229 874 1272 aut
896 1228 1121 1295 genera
1145 1205 1610 1270 Docstrinarum
1635 1255 1651 1282 ,
1701 1228 1770 1270 ut
1795 1204 2185 1270 ostenderem

350 1345 533 1408 omni
581 1365 752 1408 aetate
786 1345 852 1408 in
901 1343 1212 1431 Hispania
1276 1339 1515 1408 affidua
1571 1342 1865 1429 quidem,
1937 1363 2183 1428 magna·

349 1503 465 1568 que
498 1481 862 1544 animorum
902 1478 1310 1542 contentione
1357 1478 1630 1543 excultas
1658 1475 1838 1542 fuiffe
1880 1451 2182 1565 ingenuas

352 1616 616 1704 quasque
655 1637 839 1691 artes,
906 1637 977 1678 ac
1026 1613 1380 1701 disciplinas
1417 1664 1430 1678 .
1509 1617 1730 1700 Neque
1765 1613 1902 1678 sum
1946 1612 2184 1676 nescius

353 1774 387 1816 a
445 1773 549 1815 me
601 1751 786 1839 longe
825 1751 1032 1838 plures
1070 1747 1140 1813 iis
1172 1798 1188 1824 ,
1229 1750 1329 1837 qui
1381 1750 1736 1813 enumerati
1785 1749 1927 1814 sunt
1953 1798 1967 1825 ‚
2003 1745 2186 1814 fuisse

353 1889 737 1976 praeteritos3
775 1886 940 1976 quod
997 1885 1120 1951 hoc
1178 1886 1318 1950 loco
1358 1886 1694 1950 admonere
1755 1887 1858 1950 abs
1911 1909 1975 1951 re
2028 1905 2189 1950 certe

353 2046 488 2088 non
525 2024 672 2099 erit,
714 2045 792 2087 ne
845 2023 977 2111 quis
1017 2045 1120 2087 aut
1160 2021 1530 2087 2nostrorum
1597 2022 1941 2088 hominum
1986 2043 2189 2109 quera-

354 2182 454 2225 tur
494 2154 750 2224 omissos
806 2159 967 2223 forte
1018 2160 1253 2246 aliquos
1322 2181 1545 2223 eorum
1576 2208 1592 2235 ‚
1648 2181 1795 2248 quos
1835 2161 1963 2246 ipse
2006 2154 2190 2222 valde

351 2293 574 2384 probet
616 2344 633 2371 ,
700 2318 808 2361 aut
855 2296 1184 2384 quisquam
1244 2317 1593 2361 exterorum
1653 2318 1823 2385 putet
1880 2296 1941 2358 id
2006 2317 2191 2358 non-,

360 2432 651 2497 consulto
701 2434 902 2521 potius
942 2456 977 2497 a
1025 2455 1129 2497 me
1169 2431 1413 2497 fac‘turn
1447 2430 1608 2510 esse,
1662 2456 1887 2496 verum
1940 2454 2012 2495 ea
2045 2431 2193 2494 dun-

360 2589 530 2633 taxat
584 2567 660 2633 de
713 2566 915 2635 cauffa
949 2619 963 2646 ‚
1022 2569 1188 2657 quod
1243 2569 1450 2655 plures
1538 2592 1666 2633 non
1738 2569 2138 2656 suppeterent
2175 2614 2192 2641 ,

354 2728 508 2793 quos
574 2704 1012 2770 nominarem.
1084 2707 1389 2769 Ceterum
1464 2704 1631 2769 haud
1697 2729 1812 2793 ego
1872 2704 2192 2767 arbitratus

351 2841 500 2911 -sum
535 2841 616 2909 ad
661 2840 1131 2911 conficiendum
1179 2840 1237 2904 id
1273 2891 1287 2917 ,
1347 2840 1944 2931 quodpropofitum
1996 2859 2127 2904 eret
2173 2884 2192 2914 ,

1096 2979 1158 3041 L
1212 3002 1242 3040 2
2009 2975 2105 3039 iu-
