2462 3403
931 214 1055 327 423}
1085 256 1340 309 Lxxm.
1361 256 1486 325 μω

312 386 488 456 verso
532 403 711 451 notos
757 379 1026 447 reddidit
1074 380 1416 446 Gallorum
1446 427 1462 454 ,
1514 380 1593 447 ὃζ
1640 378 1948 445 Italorum
1994 383 2148 447 Poe'-

311 544 519 588 tarum
559 518 887 607 ingenium
921 565 936 593 ,
981 538 1251 605 quornm
1303 514 1502 580 studio
1558 513 1832 589 fadhtm,
1866 538 1935 580 ut
1984 517 2150 604 apud

308 657 463 723 snos.
503 656 693 722 etiam
715 656 1009 722 resonent
1039 701 1054 729 ,
1125 676 1254 740 quae
1308 652 1400 716 illi
1447 671 1727 715 materna
1776 650 1991 736 lingua
2031 653 2153 719 Hi-

312 794 514 882 spanis
548 792 948 857 cecinerunt.
980 789 1343 852 Ludovicus
1383 787 1708 874 Gongoras
1741 808 1907 851 vates
1946 786 2022 852 ad
2057 810 2155 852 ex-

311 950 588 1004 terntnm
634 926 946 993 invidiam
997 946 1175 989 natus
1217 923 1686 1011 quamplurima
1732 921 1968 1011 scripsit
2016 923 2157 988 vin-

311 1063 415 1133 ἃᾶ
462 1048 743 1141 'numeris
783 1060 1160 1132 volumina,
1216 1060 1281 1124 in
1323 1059 1535 1147 quibus
1573 1057 1816 1147 ingenii
1872 1056 2155 1125 sublimi-

314 1221 513 1272 tatem
554 1201 839 1264 maxima
886 1221 1037 1264 cum
1091 1189 1530 1285 perspicuitate
1583 1194 1608 1282 (
1657 1217 1787 1281 qnae
1821 1211 1985 1260 certe
2020 1216 2159 1261 rata

315 1335 404 1402 est
459 1338 795 1403 Poetarum
840 1338 1027 1400 vittus
1073 1333 1098 1419 )
1147 1334 1393 1399 mitum
1445 1332 1510 1395 in
1564 1305 1829 1395 modum
1892 1334 2183 1419 conjun->

315 1473 441 1562 git.
498 1474 714 1562 Qare
755 1470 923 1536 inter
972 1493 1109 1545 εοε,
1150 1470 1254 1556 qui
1300 1490 1454 1532 tune
1495 1466 1789 1554 temporis
1836 1465 2164 1533 Po'e'ticam

313 1609 716 1696 disciplinam
749 1604 1436 1693 excolebant‚ptimum
1468 1602 1683 1668 locum
1713 1601 1996 1667 obtinete
2039 1623 2165 1666 cre,-

318 1743 486 1810 ditur
531 1744 627 1810 vit
671 1744 778 1808 ille
822 1737 1353 1831 praestantiffimus
1399 1742 1607 1828 Lopes
1659 1737 1737 1803 de
1787 1739 1962 1809 Veca
2015 1737 2162 1807 Ma-

319 1880 618 1952 tritenfis,
655 1901 847 1968 quem
896 1878 1193 1966 exemplo
1242 1878 1348 1942 suo
1400 1870 1803 1941 confitmaffe
1856 1871 2009 1937 iliud
2047 1894 2166 1938 cte-

318 2015 627 2092 didetim,
668 2012 870 2104 qnod,
918 2034 989 2078 ut
1038 2017 1249 2102 ajunt,
1289 2012 1645 2079 Rhetorem
1687 2008 1820 2075 fieri
1845 2057 1862 2085 ,
1902 2009 2170 2077 Po‘e'tam

321 2174 542 2218 autem
591 2152 761 2217 nasci
804 2172 1128 2240 oporteat.
1180 2149 1480 2215 Diastavit
1544 2152 1674 2232 jam
1723 2146 1856 2211 aliis
1909 2144 2116 2213 versus
2148 2192 2167 2220 ,

318 2289 368 2367 fi
398 2288 549 2357 fides
594 2288 863 2355 Nicolao
898 2288 1190 2353 Antonio
1230 2285 1584 2351 adhibenda
1608 2333 1622 2359 ,
1658 2305 1772 2347 nec
1801 2281 1953 2351 dum
1981 2303 2168 2369 puer,

322 2424 568 2492 scilicet
619 2448 771 2492 cum
822 2426 877 2490 ei
935 2446 1160 2490 manns
1198 2420 1543 2488 formandis
1583 2421 1772 2489 literis
1803 2440 1930 2482 non
1966 2417 2173 2482 adhuc

319 2560 671 2635 sufficeret.
712 2563 910 2628 Illum
959 2582 1171 2628 autem
1236 2559 1525 2646 Hispana
1589 2553 1897 2621 comoedia
1950 2554 2181 2641 princi-

322 2721 473 2787 pem
512 2697 805 2788 agnoscat
863 2694 1104 2765 neeeffe
1137 2695 1249 2774 est3
1304 2696 1508 2760 nullus
1539 2694 1754 2768 enim,
1785 2690 1884 2754 vel
1926 2691 2026 2775 qui
2065 2711 2174 2755 aa·

324 2857 385 2901 te
437 2837 643 2926 ipsum
669 2883 686 2913 ‚
738 2835 840 2902 vel
873 2834 973 2922 qui
1017 2832 1232 2923 postea
1272 2833 1535 2908 vixerit,
1575 2831 1729 2897 inter
1763 2848 1856 2894 tot
1894 2826 2173 2914 ingenio,

1066 2971 1127 3033 Κ
1999 2961 2078 3029 Sc
