2462 3403
1049 280 1538 352 WXXLHLX‘Q

361 431 398 474 a
465 406 778 497 proposita
843 400 1150 472 brevitate
1214 407 1450 496 digredi
1512 405 1831 494 placeret,
1925 431 2215 496 urgerem

360 539 920 608 vehementiss'tme'
962 542 1250 608 adversus
1313 542 1495 618 illos,
1557 543 1660 630 qui
1711 542 1901 618 exili,
1962 567 2032 608 ac
2094 547 2217 609 mi-

363 701 475 742 nus
523 678 805 767 diligenti
855 679 1334 742 ratiocinatione
1385 679 1669 743 contenti
1729 701 1819 742 res
1868 679 2025 766 ipsas
2074 705 2202 769 per-

367 813 664 890 miscent,
731 810 1119 902 peffimeque
1196 813 1634 888 confundunt,
1704 817 1781 882 ὃζ
1833 814 2215 906 Philosophi

363 972 581 1014 tamen
632 949 842 1013 haberi
896 948 1161 1014 volunt.
1213 948 1511 1014 1)τοὶεῶὶο
1561 972 1690 1014 non
1739 949 2006 1038 Phyfica
2079 975 2217 1018 mo-

364 1086 485 1160 do,
534 1108 755 1151 verum
804 1085 997 1148 etiam
1048 1084 1437 1160 Dialed'dca,
1505 1083 1943 1173 Metaphyfiea
1998 1087 2216 1154 Philo-

368 1220 602 1310 sophiae
650 1243 852 1309 partes
902 1222 1081 1301 sunt;
1150 1244 1347 1309 neque
1422 1203 1732 1309 perfeo'cus
1797 1222 2216 1312 Philosophus

369 1356 807 1423 existimandus
857 1357 944 1421 est
992 1357 1037 1420 is
1077 1406 1093 1430 ,
1168 1358 1268 1445 qui
1318 1358 1601 1446 Physica
1649 1357 1934 1446 quaedam
1984 1360 2214 1448 experi-

365 1515 586 1560 menta
638 1493 704 1556 in
758 1493 1049 1563 medium
1097 1492 1415 1581 proferens
1495 1494 1596 1559 vel
1663 1494 1909 1560 nullam
1943 1495 2034 1559 ide
2087 1496 2207 1560 illis

364 1627 583 1696 reddat
632 1631 984 1704 rationem,
1033 1629 1132 1693 vel
1175 1628 1426 1693 nullam
1477 1628 1540 1693 id
1591 1630 1830 1717 praestet
1882 1630 2209 1709 methodo,

369 1790 439 1831 ac
491 1764 622 1830 via.
674 1765 866 1854 Qod
915 1765 956 1829 fi
1008 1765 1170 1830 inter
1217 1787 1306 1831 tot
1346 1765 1755 1831 Scholasticos
1795 1767 2220 1856 Philosophos

370 1926 514 1991 quos
564 1901 877 1989 Hispania
926 1924 1255 1979 numerat,
1304 1903 1501 1992 plures
1550 1899 1805 1967 fortasse
1854 1903 2098 1992 ineptos
2137 1905 2219 1969 es·

367 2039 429 2103 se
478 2038 846 2114 contendaS,
897 2061 1143 2102 tantum
1196 2039 1261 2104 id
1311 2062 1426 2125 ego
1478 2039 1626 2104 scire
1682 2038 1883 2104 velim
1943 2039 2212 2105 ubinam

366 2176 658 2263 gentium
710 2175 797 2239 ita
853 2174 1178 2239 floruerint
1227 2198 1420 2249 artes,
1493 2197 1558 2240 ut
1609 2198 1680 2240 ex
1748 2199 1962 2241 earum
2018 2175 2212 2242 culto-

369 2312 533 2377 ribus
564 2335 759 2377 nemo
793 2311 954 2376 intra
1001 2311 1503 2377 mediocritatem
1545 2311 1891 2377 constiterit
1924 2360 1939 2388 ,
1986 2334 2206 2377 omnes

367 2448 445 2513 ad
495 2471 704 2512 unum
751 2446 985 2513 fuerint
1032 2445 1574 2514 excellentiffimi.
1628 2449 1896 2512 Interim
1943 2448 2092 2513 illud
2142 2449 2210 2513 li-

363 2586 587 2651 benter
634 2585 904 2671 accipi0,
954 2584 1116 2674 quod
1168 2585 1486 2651 unanimis
1529 2584 1821 2649 omnium
1875 2585 2207 2650 consensus

366 2724 636 2812 probat,
684 2720 1004 2807 Hispanos
1053 2720 1285 2786 seilicet
1354 2720 1420 2786 in
1469 2719 1851 2785 Scholastica
1912 2720 2215 2785 Philoso-

369 2860 521 2951 phia
566 2857 754 2923 facile
800 2858 1112 2947 principes
1148 2853 1343 2923 ,fuisse
1373 2907 1386 2922 .
1439 2857 1666 2949 Qum
1713 2878 1922 2923 autem
1972 2877 2043 2922 ea
2082 2879 2209 2944 par·

1117 2995 1169 3058 F
1221 3019 1253 3058 2
2041 3013 2126 3058 tes
