2462 3403
971 265 1093 335 ffla
1112 265 1398 318 Lxxxn.
1422 264 1545 334 {Q

343 420 485 470 rum
526 393 701 460 cultu
731 388 1221 481 progreffionem
1250 440 1265 465 ,
1304 413 1375 455 ac
1423 390 1698 476 linguas,
1736 410 1867 475 quae
1900 389 2175 476 copiam,

345 536 746 605 varietatem,
796 527 1107 600 nitorem,
1157 525 1534 605 elegantiam
1568 571 1583 599 ,
1631 525 1989 592 urbanitatis
2048 525 2170 589 fio-

347 671 544 737 sculos
566 717 581 743 ,
616 688 686 729 ac
719 662 1270 750 leporeshabeant,
1295 682 1426 746 quae
1478 660 1535 724 se
1566 659 1750 725 facile
1786 658 1864 722 ad
1913 681 2177 732 omnem

348 804 492 897 styli
545 802 853 866 rationem
925 794 1407 861 accommodent
1440 842 1454 865 ,
1505 818 1634 858 non
1682 794 1799 859 nifi
1848 793 2009 884 apud
2078 815 2179 857 eos

351 938 611 1028 populos
663 933 868 1019 vigere
892 980 905 1007 ‚
933 932 1037 1018 qui
1088 930 1289 995 literas
1330 928 1539 993 colant
1567 977 1583 1003 ‚
1625 951 1694 995 ut
1726 953 1800 994 ex
1841 930 2009 994 cultu
2044 928 2179 1016 ipso

351 1075 668 1137 literarum
719 1089 812 1129 eas
864 1091 1041 1155 opes,
1077 1067 1156 1131 ὃς
1206 1064 1447 1150 copias,
1487 1085 1806 1152 ceteraque
1848 1085 2182 1128 ornamen-

351 1184 414 1272 ta
464 1202 733 1268 mutuari
783 1201 1051 1264 omnino
1102 1198 1476 1262 videantur.
1531 1200 1751 1282 Quam
1799 1220 1947 1264 vero
1985 1221 2113 1261 xvr
2137 1224 2183 1263 1.

355 1345 608 1407 ineunte
650 1337 852 1400 seculo
893 1336 1227 1399 Gallorum
1264 1335 1548 1421 linguam
1593 1334 1904 1398 incultam
1953 1333 2184 1408 adhue,

355 1475 799 1559 horridamque
836 1466 1018 1532 fuisse
1048 1442 1156 1556 ipsi
1189 1469 1362 1532 Galli
1396 1468 1555 1531 ultro
1595 1468 2016 1542 confitentur,
2050 1491 2191 1555 pro-

355 1610 608 1677 cedente
656 1607 762 1669 illa
808 1625 1003 1678 aetate‚
1030 1602 1339 1667 Ludovici
1371 1602 1554 1666 XIV.
1579 1601 2039 1676 munificentia,
2073 1600 2194 1666 cla-

357 1744 743 1812 riffimorum
793 1739 1065 1803 virorum
1115 1736 1470 1803 admirabili
1534 1737 1713 1823 copia
1744 1785 1760 1812 ,
1827 1739 1908 1804 ὅζ
1954 1735 2198 1825 conspi-

357 1881 637 1952 ratione,
687 1873 1298 1947 inerementum,&
1337 1870 1796 1936 absolutionem
1844 1894 1971 1936 uno
2020 1872 2192 1937 velut

363 2002 606 2101 impetu
656 2005 991 2096 accepisse,
1054 2008 1338 2072 Patrium
1389 2027 1601 2071 autem
1667 2008 2022 2070 sermonem
2076 2029 2193 2070 no-

365 2150 564 2218 strum
614 2145 860 2235 prorsus
909 2142 1148 2208 constat
1181 2166 1326 2207 cum
1377 2141 1605 2205 Italicae
1657 2142 1876 2228 linguae
1926 2143 2191 2228 eopia-,5²

364 2283 680 2370 majestate
704 2329 720 2355 ,
770 2280 1007 2354 nitore,
1058 2278 1158 2343 vel
1200 2277 1277 2342 ab
1309 2277 1426 2340 illis
1451 2276 1836 2365 temporibus
1862 2323 1878 2350 ,
1933 2297 2192 2339 conten-

365 2417 516 2486 disse
555 2465 571 2493 ,
618 2416 835 2504 quibus
865 2415 1043 2479 Italia
1083 2410 1595 2501 praestantiffimis
1621 2409 2028 2498 Scriptoribus
2062 2432 2194 2474 ma·-

365 2555 538 2618 xime
588 2551 954 2617 abundavit.
1010 2549 1201 2637 Qod
1253 2548 1503 2635 quidem
1545 2568 1736 2637 quum
1787 2545 1914 2610 fine
1961 2568 2190 2633 opera..

363 2687 795 2761 literatorum,
843 2709 914 2750 ac
963 2706 1103 2751 vete
1155 2685 1531 2772 sapientium
1579 2685 1857 2748 vitorum
1907 2680 2041 2746 fieri
2091 2701 2188 2744 ne-

362 2844 673 2911 quaquam
721 2823 992 2913 potuerit
1029 2870 1048 2900 ‚
1114 2844 1346 2910 magno
1403 2841 1771 2910 argumento
1810 2863 1828 2895 ,
1874 2837 1945 2880 ut
1991 2814 2118 2878 dixi
2163 2820 2186 2893 ‚'

1924 2971 2022 3016 ext
2030 2972 2091 3015 Ε-
