2462 3403
1025 305 1147 374 *ἓξὲξ
1167 305 1260 357 VI.
1277 305 1404 375 KQ·

298 425 863 620 Hlspanam
888 430 1032 494 sane
1069 451 1326 516 gentem
1352 430 1507 495 vela
1536 427 1955 496 vetustisfirnis
1983 452 2133 495 tem·

621 567 866 656 poribus
897 567 1214 631 literarum
1255 565 1450 654 gloria
1492 561 1767 632 fiotuiss'e
1800 567 2016 632 ευὰἶοτ
2047 570 2133 634 est

301 701 816 794 Iocupletiffimus
845 703 1064 768 Strabo'
1088 704 1284 791 Geog.
1313 706 1413 770 lib.
1446 727 1497 784 3.
1530 704 1631 792 qui
1660 701 2130 772 deTurdetanis

300 847 553 931 loquens
604 841 735 905 ait:
779 849 835 903 hi
876 849 1140 921 sapientia
1187 863 1440 923 putantur
1502 852 1744 906 excellere
1774 892 1790 919 ,
1839 849 1904 913 (⁷9⁰
1951 853 2134 910 litera-

297 1008 407 1044 rum
448 987 641 1055 studiis
696 999 915 1041 utuntur
937 1024 951 1052 ,
1007 984 1071 1048 ἐφ’
1122 990 1450 1045 memoranda?
1495 985 1767 1055 vetustatis
1823 989 2132 1045 volumina„

298 1125 479 1180 habent
505 1164 522 1191 ‚
581 1126 848 1195 po'e'mata,
897 1124 1275 1199 leges‘quoque
1325 1125 1552 1191 versibus
1617 1123 1929 1195 confiriptas
1979 1145 2004 1180 e
2029 1084 2133 1194 fix

296 1278 539 1317 annorum
578 1257 805 1314 millibus
837 1298 850 1324 ‚
894 1271 955 1312 ut
1000 1256 1181 1329 ajunt3
1243 1262 1412 1316 coeteri
1456 1277 1643 1331 quoque
1709 1259 1930 1332 Hispani
1991 1263 2134 1334 usum
2179 1319 2181 1321 ,

296 1394 475 1450 habent
511 1398 817 1452 literarum.
855 1386 1004 1473 Qo
1052 1385 1192 1452 loeo
1243 1387 1489 1454 tametfi
1537 1408 1976 1474 exaggeratum
2025 1386 2131 1463 est,
2226 1428 2228 1431 -

299 1520 457 1609 quod
505 1521 579 1586 de
629 1522 845 1607 legum
897 1521 1332 1609 Hispanatum
1385 1523 1757 1611 antiquitate
1804 1523 2029 1587 Strabo
2059 1544 2133 1586 ex

298 1657 533 1744 vulgati
582 1657 753 1723 fama
802 1656 1050 1732 retulit;
1102 1680 1313 1724 tamen
1363 1658 1462 1724 vel
1515 1658 1646 1747 ipsa
1696 1660 1818 1741 ejus
1868 1657 2131 1722 vetusta—

298 1792 372 1855 tis
415 1794 630 1880 opinio
679 1815 1049 1880 argumento
1096 1793 1183 1858 est
1231 1818 1265 1858 a
1313 1792 1734 1860 remotiffima
1783 1791 2129 1858 hominum

298 1929 609 1992 memoria
662 1928 981 1992 literatum
1044 1928 1239 1994 studia
1291 1954 1421 1995 non
1490 1930 1619 1995 fine
1684 1930 1886 1994 multa
1944 1928 2131 1993 laude

296 2061 459 2151 apud
486 2063 800 2151 Hispanos
848 2060 1140 2149 viguisse.
1174 2065 1332 2141 Sed,
1385 2087 1454 2130 ut
1494 2087 1636 2130 eam
1685 2086 1927 2129 aetatem
1976 2087 2129 2153 ptae-

299 2219 600 2263 tet-eamus
629 2247 644 2274 ,
685 2201 852 2284 cujus
880 2220 1297 2265 monumenta
1347 2224 1503 2266 caeca
1541 2205 1668 2289 jam
1706 2201 1939 2288 premit
1969 2200 2129 2266 obli-

300 2334 441 2409 vi0‚
487 2333 638 2397 illud
687 2355 847 2398 certe
894 2335 1207 2400 affirmate
1255 2335 1582 2426 possumus
1611 2387 1627 2415 ,
1675 2360 1796 2426 quo
1845 2355 2128 2425 tempore

299 2470 576 2533 Romani
628 2469 810 2532 literis
858 2471 1082 2537 clarete
1132 2494 1486 2560 coeperunt,
1526 2474 1682 2539 solos
1730 2496 1805 2538 ex
1852 2474 2126 2539 occiduis

300 2604 542 2691 populis
591 2588 904 2691 Hispanos
970 2607 1035 2671 in
1085 2610 1210 2692 ejus
1261 2609 1467 2695 glotiae
1534 2633 1784 2698 partem
1842 2604 2121 2678 venisse.

301 2739 416 2802 Fas
465 2738 550 2802 est
602 2759 954 2804 memorare
1002 2742 1300 2809 Porcium
1339 2747 1732 2823 Latronem,
1779 2770 1814 2812 a
1851 2769 2008 2833 quc,
2057 2769 2126 2812 ut

304 2869 486 2937 refert
537 2872 965 2959 Qintilianus
1015 2877 1054 2942 1.
1093 2904 1208 2956 10„
1256 2880 1490 2966 judicio
1537 2883 1925 2949 Senecaextot
1965 2906 2124 2971 egre*-

1945 3019 2030 3107 gii
