<?xml version="1.0" encoding="UTF-8"?>
<!DOCTYPE html PUBLIC "-//W3C//DTD XHTML 1.0 Transitional//EN"
    "http://www.w3.org/TR/xhtml1/DTD/xhtml1-transitional.dtd">
<html xmlns="http://www.w3.org/1999/xhtml" xml:lang="en" lang="en">
 <head>
  <title>
</title>
<meta http-equiv="Content-Type" content="text/html;charset=utf-8" />
  <meta name='ocr-system' content='tesseract 3.04.00' />
  <meta name='ocr-capabilities' content='ocr_page ocr_carea ocr_par ocr_line ocrx_word'/>
</head>
<body>
  <div class='ocr_page' id='page_1' title='image "./dehispanorumlite00panzuoft_0097.png"; bbox 0 0 2462 3403; ppageno 0'>
   <div class='ocr_carea' id='block_1_1' title="bbox 336 226 2189 2929">
    <p class='ocr_par' dir='ltr' id='par_1_1' title="bbox 336 226 2189 2929">
     <span class='ocr_line' id='line_1_1' title="bbox 1033 226 1551 326; baseline -0.01 -14"><span class='ocrx_word' id='word_1_1' title='bbox 1033 226 1162 324; x_wconf 50' lang='lat' dir='ltr'><strong>wile&lt;</strong></span> <span class='ocrx_word' id='word_1_2' title='bbox 1182 255 1551 326; x_wconf 41' lang='lat' dir='ltr'><strong>vanfflga</strong></span> 
     </span>
     <span class='ocr_line' id='line_1_2' title="bbox 344 377 2175 470; baseline 0.004 -23"><span class='ocrx_word' id='word_1_3' title='bbox 344 381 535 447; x_wconf 86' lang='lat' dir='ltr'><strong>literis</strong></span> <span class='ocrx_word' id='word_1_4' title='bbox 580 377 783 446; x_wconf 82' lang='lat' dir='ltr'><strong>multa</strong></span> <span class='ocrx_word' id='word_1_5' title='bbox 825 399 899 446; x_wconf 84' lang='lat' dir='ltr'><strong>ex</strong></span> <span class='ocrx_word' id='word_1_6' title='bbox 945 380 1270 466; x_wconf 88' lang='lat' dir='ltr'><strong>gentium,</strong></span> <span class='ocrx_word' id='word_1_7' title='bbox 1314 382 1850 470; x_wconf 84' lang='lat' dir='ltr'><strong>Hebraeorumque</strong></span> <span class='ocrx_word' id='word_1_8' title='bbox 1899 386 2175 454; x_wconf 85' lang='lat' dir='ltr'><strong>moribus</strong></span> 
     </span>
     <span class='ocr_line' id='line_1_3' title="bbox 344 512 2179 610; baseline 0.005 -28"><span class='ocrx_word' id='word_1_9' title='bbox 344 512 836 583; x_wconf 85' lang='lat' dir='ltr'><strong>luculentiffime</strong></span> <span class='ocrx_word' id='word_1_10' title='bbox 893 519 1321 607; x_wconf 80' lang='lat' dir='ltr'><strong>explicantur3</strong></span> <span class='ocrx_word' id='word_1_11' title='bbox 1369 518 1444 583; x_wconf 89' lang='lat' dir='ltr'><strong>de</strong></span> <span class='ocrx_word' id='word_1_12' title='bbox 1477 517 1788 589; x_wconf 85' lang='lat' dir='ltr'><strong>Cotdnbae</strong></span> <span class='ocrx_word' id='word_1_13' title='bbox 1844 545 2179 610; x_wconf 78' lang='lat' dir='ltr'><strong>praeterea..</strong></span> 
     </span>
     <span class='ocr_line' id='line_1_4' title="bbox 342 652 2161 743; baseline 0.004 -26"><span class='ocrx_word' id='word_1_14' title='bbox 342 654 408 717; x_wconf 87' lang='lat' dir='ltr'><strong>in</strong></span> <span class='ocrx_word' id='word_1_15' title='bbox 455 652 769 742; x_wconf 82' lang='lat' dir='ltr'>Hispania</span> <span class='ocrx_word' id='word_1_16' title='bbox 813 657 1045 721; x_wconf 87' lang='lat' dir='ltr'><strong>Baetica</strong></span> <span class='ocrx_word' id='word_1_17' title='bbox 1095 655 1458 743; x_wconf 78' lang='lat' dir='ltr'><strong>principatu</strong></span> <span class='ocrx_word' id='word_1_18' title='bbox 1498 705 1514 731; x_wconf 91' lang='lat'>,</span> <span class='ocrx_word' id='word_1_19' title='bbox 1562 660 1642 725; x_wconf 68' lang='lat' dir='ltr'><strong>&amp;C</strong></span> <span class='ocrx_word' id='word_1_20' title='bbox 1675 655 1748 721; x_wconf 89' lang='lat' dir='ltr'><strong>de</strong></span> <span class='ocrx_word' id='word_1_21' title='bbox 1791 658 2161 725; x_wconf 58' lang='lat' dir='ltr'><strong>auctoritate</strong></span> 
     </span>
     <span class='ocr_line' id='line_1_5' title="bbox 341 791 2181 881; baseline 0.004 -26"><span class='ocrx_word' id='word_1_22' title='bbox 341 792 835 879; x_wconf 85' lang='lat' dir='ltr'><strong>antiquitateqne</strong></span> <span class='ocrx_word' id='word_1_23' title='bbox 899 791 1289 857; x_wconf 59' lang='lat' dir='ltr'><strong>Sandiorum</strong></span> <span class='ocrx_word' id='word_1_24' title='bbox 1373 795 1744 881; x_wconf 84' lang='lat' dir='ltr'>Martyrum</span> <span class='ocrx_word' id='word_1_25' title='bbox 1812 796 2181 863; x_wconf 84' lang='lat' dir='ltr'><strong>Corduben-</strong></span> 
     </span>
     <span class='ocr_line' id='line_1_6' title="bbox 340 926 2173 1019; baseline 0.004 -28"><span class='ocrx_word' id='word_1_26' title='bbox 340 926 504 992; x_wconf 88' lang='lat' dir='ltr'><strong>finm</strong></span> <span class='ocrx_word' id='word_1_27' title='bbox 528 977 542 1003; x_wconf 93' lang='lat'>,</span> <span class='ocrx_word' id='word_1_28' title='bbox 576 949 690 991; x_wconf 87' lang='lat' dir='ltr'><strong>nec</strong></span> <span class='ocrx_word' id='word_1_29' title='bbox 735 949 863 992; x_wconf 85' lang='lat' dir='ltr'><strong>non</strong></span> <span class='ocrx_word' id='word_1_30' title='bbox 895 926 972 993; x_wconf 87' lang='lat' dir='ltr'><strong>de</strong></span> <span class='ocrx_word' id='word_1_31' title='bbox 1003 927 1401 995; x_wconf 77' lang='lat' dir='ltr'>Cordubensi</span> <span class='ocrx_word' id='word_1_32' title='bbox 1438 931 1760 994; x_wconf 86' lang='lat' dir='ltr'><strong>Breviario</strong></span> <span class='ocrx_word' id='word_1_33' title='bbox 1795 932 2026 1019; x_wconf 79' lang='lat' dir='ltr'>scripsit</span> <span class='ocrx_word' id='word_1_34' title='bbox 2079 934 2173 998; x_wconf 78' lang='lat' dir='ltr'><strong>sci-</strong></span> 
     </span>
     <span class='ocr_line' id='line_1_7' title="bbox 341 1062 2177 1160; baseline 0.003 -31"><span class='ocrx_word' id='word_1_35' title='bbox 341 1086 402 1130; x_wconf 90' lang='lat' dir='ltr'><strong>te</strong></span> <span class='ocrx_word' id='word_1_36' title='bbox 449 1062 800 1130; x_wconf 87' lang='lat' dir='ltr'><strong>admodum</strong></span> <span class='ocrx_word' id='word_1_37' title='bbox 837 1115 854 1143; x_wconf 90' lang='lat'>‚</span> <span class='ocrx_word' id='word_1_38' title='bbox 912 1087 1094 1153; x_wconf 84' lang='lat' dir='ltr'><strong>atque</strong></span> <span class='ocrx_word' id='word_1_39' title='bbox 1141 1066 1493 1152; x_wconf 81' lang='lat' dir='ltr'><strong>eleganter.</strong></span> <span class='ocrx_word' id='word_1_40' title='bbox 1557 1067 1914 1133; x_wconf 81' lang='lat' dir='ltr'><strong>Franciscus</strong></span> <span class='ocrx_word' id='word_1_41' title='bbox 1961 1071 2177 1160; x_wconf 88' lang='lat' dir='ltr'><strong>Diago</strong></span> 
     </span>
     <span class='ocr_line' id='line_1_8' title="bbox 341 1201 2179 1293; baseline 0.003 -26"><span class='ocrx_word' id='word_1_42' title='bbox 341 1203 408 1267; x_wconf 89' lang='lat' dir='ltr'><strong>in</strong></span> <span class='ocrx_word' id='word_1_43' title='bbox 458 1203 654 1268; x_wconf 88' lang='lat' dir='ltr'><strong>latina</strong></span> <span class='ocrx_word' id='word_1_44' title='bbox 702 1203 917 1292; x_wconf 86' lang='lat' dir='ltr'><strong>lingua</strong></span> <span class='ocrx_word' id='word_1_45' title='bbox 954 1201 1401 1270; x_wconf 81' lang='lat' dir='ltr'><strong>versatiffimus</strong></span> <span class='ocrx_word' id='word_1_46' title='bbox 1440 1203 1768 1270; x_wconf 82' lang='lat' dir='ltr'><strong>Valentini</strong></span> <span class='ocrx_word' id='word_1_47' title='bbox 1810 1206 2021 1293; x_wconf 83' lang='lat' dir='ltr'><strong>Regni</strong></span> <span class='ocrx_word' id='word_1_48' title='bbox 2070 1230 2179 1274; x_wconf 90' lang='lat' dir='ltr'><strong>an-</strong></span> 
     </span>
     <span class='ocr_line' id='line_1_9' title="bbox 342 1338 2182 1433; baseline 0.003 -30"><span class='ocrx_word' id='word_1_49' title='bbox 342 1338 510 1406; x_wconf 85' lang='lat' dir='ltr'><strong>nales</strong></span> <span class='ocrx_word' id='word_1_50' title='bbox 539 1338 818 1405; x_wconf 73' lang='lat' dir='ltr'><strong>summa</strong></span> <span class='ocrx_word' id='word_1_51' title='bbox 864 1338 1186 1426; x_wconf 84' lang='lat' dir='ltr'><strong>diligentia</strong></span> <span class='ocrx_word' id='word_1_52' title='bbox 1233 1339 1630 1433; x_wconf 77' lang='lat' dir='ltr'><strong>conscripsit,</strong></span> <span class='ocrx_word' id='word_1_53' title='bbox 1701 1362 1840 1405; x_wconf 87' lang='lat' dir='ltr'><strong>tum</strong></span> <span class='ocrx_word' id='word_1_54' title='bbox 1889 1343 2182 1409; x_wconf 61' lang='lat' dir='ltr'><strong>exad&#39;tam</strong></span> 
     </span>
     <span class='ocr_line' id='line_1_10' title="bbox 337 1473 2183 1566; baseline 0.002 -25"><span class='ocrx_word' id='word_1_55' title='bbox 337 1473 684 1541; x_wconf 81' lang='lat' dir='ltr'><strong>Cataloniae</strong></span> <span class='ocrx_word' id='word_1_56' title='bbox 729 1474 1217 1561; x_wconf 75' lang='lat' dir='ltr'><strong>descriptionem</strong></span> <span class='ocrx_word' id='word_1_57' title='bbox 1242 1474 1493 1539; x_wconf 85' lang='lat' dir='ltr'><strong>tradidit</strong></span> <span class='ocrx_word' id='word_1_58' title='bbox 1513 1524 1529 1551; x_wconf 93' lang='lat'>,</span> <span class='ocrx_word' id='word_1_59' title='bbox 1569 1478 1648 1543; x_wconf 81' lang='lat'>&amp;</span> <span class='ocrx_word' id='word_1_60' title='bbox 1678 1474 1751 1539; x_wconf 88' lang='lat' dir='ltr'><strong>de</strong></span> <span class='ocrx_word' id='word_1_61' title='bbox 1780 1478 2064 1566; x_wconf 78' lang='lat' dir='ltr'><strong>antiquis,</strong></span> <span class='ocrx_word' id='word_1_62' title='bbox 2090 1479 2183 1544; x_wconf 90' lang='lat' dir='ltr'><strong>in-</strong></span> 
     </span>
     <span class='ocr_line' id='line_1_11' title="bbox 337 1608 2185 1698; baseline 0.002 -24"><span class='ocrx_word' id='word_1_63' title='bbox 337 1608 644 1698; x_wconf 71' lang='lat' dir='ltr'><strong>vicstisque</strong></span> <span class='ocrx_word' id='word_1_64' title='bbox 666 1610 1029 1676; x_wconf 86' lang='lat' dir='ltr'><strong>Comitibns</strong></span> <span class='ocrx_word' id='word_1_65' title='bbox 1051 1610 1608 1674; x_wconf 85' lang='lat' dir='ltr'><strong>Barcinonensibns</strong></span> <span class='ocrx_word' id='word_1_66' title='bbox 1629 1612 1857 1678; x_wconf 84' lang='lat' dir='ltr'><strong>eximie</strong></span> <span class='ocrx_word' id='word_1_67' title='bbox 1889 1611 2185 1679; x_wconf 84' lang='lat' dir='ltr'><strong>differuit.</strong></span> 
     </span>
     <span class='ocr_line' id='line_1_12' title="bbox 336 1739 2186 1837; baseline 0.003 -29"><span class='ocrx_word' id='word_1_68' title='bbox 336 1745 649 1812; x_wconf 75' lang='lat' dir='ltr'><strong>Francisei</strong></span> <span class='ocrx_word' id='word_1_69' title='bbox 684 1745 761 1810; x_wconf 91' lang='lat' dir='ltr'><strong>de</strong></span> <span class='ocrx_word' id='word_1_70' title='bbox 786 1744 922 1810; x_wconf 80' lang='lat' dir='ltr'><strong>Pisa</strong></span> <span class='ocrx_word' id='word_1_71' title='bbox 962 1744 1278 1811; x_wconf 87' lang='lat' dir='ltr'><strong>Toletana</strong></span> <span class='ocrx_word' id='word_1_72' title='bbox 1317 1747 1592 1813; x_wconf 84' lang='lat' dir='ltr'><strong>Historia</strong></span> <span class='ocrx_word' id='word_1_73' title='bbox 1632 1739 1931 1837; x_wconf 78' lang='lat' dir='ltr'><strong>quantam</strong></span> <span class='ocrx_word' id='word_1_74' title='bbox 1967 1751 2020 1815; x_wconf 90' lang='lat' dir='ltr'><strong>ei</strong></span> <span class='ocrx_word' id='word_1_75' title='bbox 2054 1749 2186 1835; x_wconf 83' lang='lat' dir='ltr'><strong>glo-</strong></span> 
     </span>
     <span class='ocr_line' id='line_1_13' title="bbox 340 1879 2189 1973; baseline 0.003 -29"><span class='ocrx_word' id='word_1_76' title='bbox 340 1882 498 1946; x_wconf 84' lang='lat' dir='ltr'><strong>riam</strong></span> <span class='ocrx_word' id='word_1_77' title='bbox 517 1931 532 1957; x_wconf 93' lang='lat'>,</span> <span class='ocrx_word' id='word_1_78' title='bbox 552 1905 621 1946; x_wconf 88' lang='lat' dir='ltr'><strong>ac</strong></span> <span class='ocrx_word' id='word_1_79' title='bbox 643 1879 885 1944; x_wconf 84' lang='lat' dir='ltr'><strong>famam</strong></span> <span class='ocrx_word' id='word_1_80' title='bbox 909 1884 1216 1968; x_wconf 81' lang='lat' dir='ltr'><strong>pepererit</strong></span> <span class='ocrx_word' id='word_1_81' title='bbox 1241 1885 1569 1949; x_wconf 89' lang='lat' dir='ltr'><strong>neminem</strong></span> <span class='ocrx_word' id='word_1_82' title='bbox 1592 1883 1778 1970; x_wconf 71' lang='lat' dir='ltr'><strong>fugit.</strong></span> <span class='ocrx_word' id='word_1_83' title='bbox 1799 1886 2189 1973; x_wconf 84' lang='lat' dir='ltr'><strong>Hieronymi</strong></span> 
     </span>
     <span class='ocr_line' id='line_1_14' title="bbox 339 2014 2189 2107; baseline 0.003 -28"><span class='ocrx_word' id='word_1_84' title='bbox 339 2017 587 2104; x_wconf 81' lang='lat' dir='ltr'><strong>Pujadis</strong></span> <span class='ocrx_word' id='word_1_85' title='bbox 615 2014 1076 2105; x_wconf 77' lang='lat' dir='ltr'><strong>elegantiffima</strong></span> <span class='ocrx_word' id='word_1_86' title='bbox 1108 2018 1562 2084; x_wconf 79' lang='lat' dir='ltr'><strong>Cataionienfis</strong></span> <span class='ocrx_word' id='word_1_87' title='bbox 1598 2022 1980 2107; x_wconf 73' lang='lat' dir='ltr'><strong>principatus</strong></span> <span class='ocrx_word' id='word_1_88' title='bbox 2012 2021 2189 2085; x_wconf 85' lang='lat' dir='ltr'><strong>chro-</strong></span> 
     </span>
     <span class='ocr_line' id='line_1_15' title="bbox 337 2151 2187 2244; baseline 0.002 -27"><span class='ocrx_word' id='word_1_89' title='bbox 337 2153 478 2217; x_wconf 88' lang='lat' dir='ltr'><strong>nica</strong></span> <span class='ocrx_word' id='word_1_90' title='bbox 517 2176 550 2217; x_wconf 94' lang='lat' dir='ltr'><strong>a</strong></span> <span class='ocrx_word' id='word_1_91' title='bbox 580 2151 843 2217; x_wconf 85' lang='lat' dir='ltr'><strong>summis</strong></span> <span class='ocrx_word' id='word_1_92' title='bbox 872 2202 888 2228; x_wconf 88' lang='lat'>‚</span> <span class='ocrx_word' id='word_1_93' title='bbox 927 2155 1295 2244; x_wconf 79' lang='lat' dir='ltr'><strong>eruditisque</strong></span> <span class='ocrx_word' id='word_1_94' title='bbox 1338 2157 1477 2221; x_wconf 88' lang='lat' dir='ltr'><strong>viris</strong></span> <span class='ocrx_word' id='word_1_95' title='bbox 1519 2157 1787 2221; x_wconf 74' lang='lat' dir='ltr'><strong>maximi</strong></span> <span class='ocrx_word' id='word_1_96' title='bbox 1823 2156 2068 2243; x_wconf 87' lang='lat' dir='ltr'><strong>semper</strong></span> <span class='ocrx_word' id='word_1_97' title='bbox 2099 2156 2187 2221; x_wconf 85' lang='lat' dir='ltr'><strong>est</strong></span> 
     </span>
     <span class='ocr_line' id='line_1_16' title="bbox 342 2288 2179 2380; baseline 0.002 -28"><span class='ocrx_word' id='word_1_98' title='bbox 342 2288 586 2353; x_wconf 88' lang='lat' dir='ltr'><strong>habita.</strong></span> <span class='ocrx_word' id='word_1_99' title='bbox 627 2288 869 2377; x_wconf 83' lang='lat' dir='ltr'><strong>Gaspat·</strong></span> <span class='ocrx_word' id='word_1_100' title='bbox 918 2314 1065 2355; x_wconf 80' lang='lat' dir='ltr'><strong>vero</strong></span> <span class='ocrx_word' id='word_1_101' title='bbox 1117 2292 1428 2356; x_wconf 88' lang='lat' dir='ltr'><strong>Escolano</strong></span> <span class='ocrx_word' id='word_1_102' title='bbox 1482 2295 1760 2380; x_wconf 83' lang='lat' dir='ltr'><strong>primam</strong></span> <span class='ocrx_word' id='word_1_103' title='bbox 1816 2293 2179 2358; x_wconf 82' lang='lat' dir='ltr'><strong>Valentinae</strong></span> 
     </span>
     <span class='ocr_line' id='line_1_17' title="bbox 342 2423 2183 2514; baseline 0.002 -26"><span class='ocrx_word' id='word_1_104' title='bbox 342 2423 508 2488; x_wconf 89' lang='lat' dir='ltr'><strong>urbis</strong></span> <span class='ocrx_word' id='word_1_105' title='bbox 554 2472 570 2499; x_wconf 89' lang='lat'>‚</span> <span class='ocrx_word' id='word_1_106' title='bbox 616 2448 686 2489; x_wconf 88' lang='lat' dir='ltr'><strong>ac</strong></span> <span class='ocrx_word' id='word_1_107' title='bbox 738 2426 945 2514; x_wconf 87' lang='lat' dir='ltr'><strong>Regni</strong></span> <span class='ocrx_word' id='word_1_108' title='bbox 997 2427 1299 2494; x_wconf 88' lang='lat' dir='ltr'><strong>decadem</strong></span> <span class='ocrx_word' id='word_1_109' title='bbox 1360 2430 1521 2491; x_wconf 87' lang='lat' dir='ltr'><strong>miro</strong></span> <span class='ocrx_word' id='word_1_110' title='bbox 1583 2426 1799 2493; x_wconf 77' lang='lat' dir='ltr'><strong>¹ordine</strong></span> <span class='ocrx_word' id='word_1_111' title='bbox 1846 2427 2183 2509; x_wconf 74' lang='lat' dir='ltr'><strong>distribuit3</strong></span> 
     </span>
     <span class='ocr_line' id='line_1_18' title="bbox 343 2560 2182 2651; baseline 0.003 -27"><span class='ocrx_word' id='word_1_112' title='bbox 343 2580 416 2624; x_wconf 87' lang='lat' dir='ltr'><strong>ac</strong></span> <span class='ocrx_word' id='word_1_113' title='bbox 455 2579 572 2624; x_wconf 89' lang='lat' dir='ltr'><strong>tres</strong></span> <span class='ocrx_word' id='word_1_114' title='bbox 620 2560 878 2647; x_wconf 89' lang='lat' dir='ltr'><strong>quidem</strong></span> <span class='ocrx_word' id='word_1_115' title='bbox 922 2563 1322 2651; x_wconf 86' lang='lat' dir='ltr'><strong>promiserat,</strong></span> <span class='ocrx_word' id='word_1_116' title='bbox 1353 2564 1573 2651; x_wconf 86' lang='lat' dir='ltr'><strong>quibus</strong></span> <span class='ocrx_word' id='word_1_117' title='bbox 1623 2563 1682 2628; x_wconf 87' lang='lat' dir='ltr'><strong>se</strong></span> <span class='ocrx_word' id='word_1_118' title='bbox 1720 2586 1920 2629; x_wconf 86' lang='lat' dir='ltr'><strong>totam</strong></span> <span class='ocrx_word' id='word_1_119' title='bbox 1954 2566 2182 2630; x_wconf 85' lang='lat' dir='ltr'><strong>Valen-</strong></span> 
     </span>
     <span class='ocr_line' id='line_1_19' title="bbox 344 2693 2181 2788; baseline 0.004 -30"><span class='ocrx_word' id='word_1_120' title='bbox 344 2693 490 2758; x_wconf 82' lang='lat' dir='ltr'><strong>tinae</strong></span> <span class='ocrx_word' id='word_1_121' title='bbox 536 2696 731 2773; x_wconf 77' lang='lat' dir='ltr'><strong>nrbiS,</strong></span> <span class='ocrx_word' id='word_1_122' title='bbox 778 2720 848 2762; x_wconf 91' lang='lat' dir='ltr'><strong>ac</strong></span> <span class='ocrx_word' id='word_1_123' title='bbox 895 2700 1123 2787; x_wconf 63' lang='lat' dir='ltr'><strong>Regni‘</strong></span> <span class='ocrx_word' id='word_1_124' title='bbox 1152 2699 1480 2765; x_wconf 82' lang='lat' dir='ltr'><strong>historiam</strong></span> <span class='ocrx_word' id='word_1_125' title='bbox 1512 2702 2048 2788; x_wconf 84' lang='lat' dir='ltr'><strong>comprehendere</strong></span> <span class='ocrx_word' id='word_1_126' title='bbox 2093 2699 2181 2765; x_wconf 90' lang='lat' dir='ltr'><strong>fa·</strong></span> 
     </span>
     <span class='ocr_line' id='line_1_20' title="bbox 341 2830 2179 2929; baseline 0.004 -35"><span class='ocrx_word' id='word_1_127' title='bbox 341 2830 630 2914; x_wconf 83' lang='lat' dir='ltr'><strong>tebatur3</strong></span> <span class='ocrx_word' id='word_1_128' title='bbox 683 2856 900 2903; x_wconf 82' lang='lat' dir='ltr'><strong>verum</strong></span> <span class='ocrx_word' id='word_1_129' title='bbox 953 2836 1300 2929; x_wconf 81' lang='lat' dir='ltr'><strong>immatura</strong></span> <span class='ocrx_word' id='word_1_130' title='bbox 1341 2858 1670 2926; x_wconf 79' lang='lat' dir='ltr'><strong>praereptus</strong></span> <span class='ocrx_word' id='word_1_131' title='bbox 1723 2860 1964 2913; x_wconf 79' lang='lat' dir='ltr'><strong>morte,</strong></span> <span class='ocrx_word' id='word_1_132' title='bbox 2019 2859 2179 2903; x_wconf 86' lang='lat' dir='ltr'><strong>cete-</strong></span> 
     </span>
    </p>
   </div>
   <div class='ocr_carea' id='block_1_2' title="bbox 1178 2973 2095 3038">
    <p class='ocr_par' dir='ltr' id='par_1_2' title="bbox 1178 2973 2095 3038">
     <span class='ocr_line' id='line_1_21' title="bbox 1178 2973 2095 3038; baseline 0.004 -4"><span class='ocrx_word' id='word_1_133' title='bbox 1178 2973 1210 3035; x_wconf 89' lang='lat'>1</span> <span class='ocrx_word' id='word_1_134' title='bbox 1267 2997 1296 3034; x_wconf 91' lang='lat'>2</span> <span class='ocrx_word' id='word_1_135' title='bbox 2003 2996 2095 3038; x_wconf 79' lang='lat' dir='ltr'><strong>ras</strong></span> 
     </span>
    </p>
   </div>
  </div>
 </body>
</html>
