2462 3403
981 279 1470 352 *bffXLIV.>fl(<{÷

320 430 405 470 tes
453 403 598 469 duas
624 404 1114 494 comple&atut·‚
1163 410 1375 495 easque
1400 380 1853 498 nobilissimas}
1896 406 2142 470 tametsi

320 541 559 604 exculta
609 540 896 603 naturalis
946 541 1197 604 seientia
1249 563 1632 628 magnopefe
1696 563 1818 603 uon
1873 538 2083 604 fuisset
2130 589 2146 615 ‚

316 699 442 738 non
494 674 636 738 inde
689 676 955 762 sequitur
1003 672 1295 740 exsulasse
1345 675 1583 763 prorsus
1635 675 1943 762 Hispania
2008 676 2149 738 Phi-

315 810 716 896 losophiam,
784 811 897 873 nisi
961 809 1120 874 forte
1189 811 1307 874 hoc
1371 812 1631 874 nomine
1699 834 1820 873 una
1883 808 2148 898 Physica

316 945 755 1033 intelligatur.
839 949 1062 1032 Neque
1141 946 1184 1008 fi
1252 945 1528 1035 Physica?
1608 945 1878 1009 scientiae
1948 946 2149 1032 ignari

317 1081 584 1146 omniuo
633 1049 823 1144 uostri
864 1080 1150 1144 homiues
1203 1103 1325 1143 uua
1377 1102 1584 1155 secate,
1636 1081 1731 1143 vel
1783 1081 1969 1157 altera
2017 1081 2152 1146 fuiss

319 1216 488 1289 sent,
537 1214 694 1302 quod
734 1214 885 1280 falso
926 1216 1140 1298 jaelari
1185 1215 1320 1279 satis
1370 1217 1671 1279 evincunt
1725 1216 1972 1303 vulgata
2010 1216 2155 1303 pas-

301 1350 433 1447 ‚fim
483 1352 766 1415 virorum
814 1352 1071 1438 iugenio
1104 1400 1119 1426 ,
1182 1350 1582 1438 doffttiuaque
1634 1349 2149 1438 praestantiffimo·

318 1508 462 1550 rum
515 1509 726 1572 opeta;
779 1487 858 1550 ob
910 1509 1049 1568 eam
1102 1509 1236 1550 rem
1288 1507 1500 1550 tamen
1575 1509 1705 1549 non
1754 1486 1908 1551 adeo
1954 1486 2151 1551 fiden-

323 1641 414 1683 tet
458 1620 713 1684 barbara
756 1670 771 1696 ,
840 1624 918 1689 ὃζ
965 1621 1200 1685 inculta
1248 1621 1414 1706 tegio
1486 1621 1767 1686 vocanda
1833 1618 1983 1684 effet
2035 1624 2152 1685 Hi·

322 1754 570 1841 spania.
622 1757 780 1846 Qis
833 1757 1012 1820 enim
1080 1757 1474 1844 provinciam
1525 1757 1826 1843 aliquam,
1898 1756 1995 1821 vel
2048 1780 2151 1821 na·

295 1890 564 1963 astionem
641 1891 863 1955 afferre
915 1914 1100 1979 queat
1140 1941 1155 1966 ,
1225 1917 1350 1979 quae
1411 1893 1508 1956 vel
1560 1892 1857 1980 semper,
1916 1891 2014 1955 vel
2085 1892 2152 1955 in

320 2025 494 2088 omni
545 2027 783 2090 liberali
834 2049 960 2091 arte
1003 2076 1018 2102 ,
1083 2028 1461 2114 optimisque
1527 2027 1863 2114 disciplinis
1923 2025 2147 2091 florue-

320 2160 438 2224 rit?
487 2162 609 2226 Sed
657 2142 787 2226 haee
837 2162 1064 2240 cursim
1095 2211 1110 2236 ‚
1159 2165 1238 2229 Sc
1287 2185 1411 2225 not]
1465 2185 1536 2225 ex
1585 2161 1872 2226 instituto
1903 2211 1916 2224 .

415 2297 624 2362 Venio
676 2321 844 2361 nunc
909 2297 984 2361 ad
1032 2297 1166 2360 illos
1215 2295 1730 2384 praestantissimos
1782 2296 2085 2378 „homines
2136 2345 2150 2370 ,

323 2432 467 2516 qui,
512 2432 809 2518 superiori
887 2432 1093 2496 seculo
1147 2479 1163 2507 ‚
1238 2454 1376 2496 tum
1427 2433 1542 2498 hac
1594 2433 1797 2496 nostra
1847 2453 2020 2495 aetate
2074 2434 2152 2498 ὃζ

326 2588 631 2653 magnum
664 2567 983 2654 Hispaniae
1017 2566 1322 2631 honorem
1346 2617 1361 2643 ,
1397 2571 1476 2636 Sc
1502 2567 1847 2630 maximam
1881 2539 2145 2629 Philoso-

325 2702 486 2788 phiae
535 2701 869 2766 candidatis
945 2703 1154 2767 lucem
1215 2701 1686 2791 praeclariffimis
1753 2703 1866 2765 suis
1937 2701 2158 2764 labori-

326 2837 435 2901 bus
483 2835 872 2903 adtulerunt.
924 2839 990 2902 Si
1038 2861 1257 2903 omnes
1305 2861 1420 2926 ego
1468 2840 1533 2904 in
1583 2838 1867 2902 medium
1915 2832 2154 2922 profet-

1992 2991 2054 3032 ΓΘ
