2462 3403
1050 297 1389 375 ψέἐὶἶθῆἐῢ

301 425 461 515 poris
504 422 764 487 traciam
797 470 810 497 ,
873 419 1037 509 quod
1079 443 1230 508 opus
1271 421 1458 509 plane
1508 420 1593 486 est
1625 417 1891 486 Medicis
1925 468 1940 495 ,
1981 443 2145 509 aeque

311 586 383 626 ac
431 559 707 648 Phyficis
762 553 1205 635 utiliffimum5
1253 556 1414 620 illius
1486 557 1657 622 enim
1709 557 1932 622 author
1994 556 2178 623 dum}

313 696 646 787 Medicum
698 694 867 780 agit,
915 690 1261 780 Phyficum
1302 716 1539 781 quoque
1575 662 1879 780 eximium
1914 693 1971 757 se
2010 716 2152 780 pro-

312 835 448 897 bat.
501 828 831 895 Mirandos
883 830 947 893 in
989 827 1397 916 Philosophia
1456 825 1804 918 progreffus
1861 827 2010 893 fecit
2059 829 2152 910 Jo-

314 967 551 1030 hannes
602 965 881 1054 Baptista
933 964 1163 1040 Betui,
1204 989 1471 1052 quorum
1524 965 1685 1030 testis
1752 965 1839 1029 est
1899 963 2153 1029 conscri-

319 1124 459 1190 ptus
507 1103 586 1167 ab
627 1125 698 1166 eo
736 1101 892 1166 libet
941 1101 1016 1164 de
1065 1098 1468 1189 Philosophia
1521 1101 1824 1166 naturali.

412 1239 550 1325 Age
601 1260 746 1303 veto
784 1258 1230 1307 enumeremus
1275 1239 1456 1314 alios,
1508 1239 1608 1326 qui
1651 1236 1892 1325 gloriae,
1926 1238 2002 1304 ὅζ
2040 1235 2157 1301 im-

323 1373 689 1439 mortalitati
727 1374 977 1462 propria
1022 1373 1288 1438 nomina
1329 1375 1777 1439 consecrarunt
1804 1421 1820 1448 ,
1883 1396 2021 1437 non
2065 1373 2159 1437 so·-

320 1513 459 1575 lum
511 1531 765 1596 proptet
804 1509 1216 1597 omnigenam
1243 1557 1257 1584 ,
1303 1533 1419 1596 qua
1462 1507 1806 1576 floruerunt
1834 1559 1850 1585 ,
1912 1505 2155 1574 florent·

322 1667 439 1734 que
485 1643 725 1720 adhuc,
774 1643 1226 1723 eruditionem;
1279 1667 1499 1708 verum
1540 1646 1732 1709 etiam
1780 1666 2030 1733 propter
2073 1645 2159 1708 in·

325 1802 632 1856 numera,
684 1803 877 1868 eaque
942 1775 1315 1845 solidiffima
1373 1779 1448 1844 de
1501 1781 1675 1845 rebus
1744 1779 2022 1868 Physicis
2078 1802 2160 1844 re·

324 1916 475 1982 licia
520 1937 974 1980 monumenta.
1039 1916 1301 2002 Quanta
1343 1916 1594 1981 dicendi
1658 1916 1842 2003 copia
1888 1939 2045 2003 opus
2082 1917 2161 1979 ess

328 2053 455 2128 set,
511 2051 555 2114 fi
596 2075 707 2140 pro
754 2051 1053 2139 dignitate
1089 2052 1336 2118 laudate
1385 2053 1618 2117 vellem
1662 2051 2158 2115 Emmanuelem

329 2189 563 2263 Marti,
615 2188 1014 2254 Ludovicum
1061 2185 1362 2263 Lossada,
1423 2187 1777 2253 Martinum
1820 2186 2169 2260 Martinez‚.

329 2323 753 2390 Benedicium
818 2327 1074 2410 Feijoo,
1139 2322 1637 2389 Emmanuelem
1693 2346 1728 2387 a
1777 2323 2161 2410 Conceptio·

330 2479 444 2535 ne,
490 2459 756 2548 aliosque
789 2511 803 2525 .
855 2462 1290 2526 Laudatorum
1339 2459 1575 2549 primus
1625 2458 1934 2525 Valentiae
1978 2459 2041 2521 in
2088 2479 2161 2522 ea

331 2594 664 2683 disciplina.
708 2596 862 2661 adeo
911 2598 1201 2663 excelluit
1233 2647 1247 2673 ,
1306 2595 1377 2664 ut
1442 2598 1797 2660 communis
1865 2589 2017 2658 effet
2070 2615 2163 2656 eo-

331 2753 505 2805 rum,
574 2752 718 2796 cum
760 2733 974 2819 quibus
1039 2734 1105 2796 in
1156 2733 1375 2798 scholis
1427 2731 1818 2807 versabatur,
1883 2728 2096 2817 opinio
2141 2774 2159 2802 ,

335 2866 492 2931 nihil
531 2862 654 2933 effe
706 2868 772 2932 in
819 2868 1054 2947 studio,
1119 2870 1213 2936 cui
1285 2869 1547 2937 vacabat
1578 2916 1593 2945 ,
1659 2888 1794 2933 tam
1843 2862 2111 2930 arduum
2144 2909 2161 2937 ,

1835 3045 1843 3050 -
1897 3018 2076 3083 atque
