2462 3403
956 317 1343 386 ‹ex-XXXII.
1363 316 1487 388 3:554

301 458 447 503 rum
476 435 535 501 id
558 459 745 525 genus
777 437 1164 527 Scriptorum
1206 444 1370 530 seges
1395 491 1409 516 ,
1444 464 1623 529 atque
1673 441 1860 507 offert
1895 445 1956 508 se
1993 443 2140 508 sein

303 574 527 662 primis
559 574 991 659 jamlaudatus
1037 578 1399 642 Ludovicus
1451 579 1648 643 Vives
1679 628 1693 652 ,
1744 605 1932 668 quem
1979 581 2143 642 inter

302 732 421 775 tres
445 711 607 775 viros
626 712 814 774 aetatis
845 711 958 775 suae
988 761 1003 787 ,
1035 714 1417 800 Reipublicae
1448 715 1728 780 literariae
1770 715 2146 780 constituen-

303 845 391 921 dae
437 866 629 932 aptos,
650 850 1007 912 communis
1049 848 1219 914 fama
1245 899 1258 926 ,
1287 852 1770 939 Docfforumque
1801 851 2146 915 hominum

303 979 614 1068 judicium
663 982 744 1046 ita
794 984 1161 1060 collocavit,
1209 1009 1276 1051 ut
1325 1011 1456 1051 non
1506 986 1768 1053 infimus
1811 989 1868 1052 ei
1926 986 2145 1074 gradus

306 1116 724 1197 tribueretur.
781 1122 954 1183 Nam
979 1145 1173 1208 quum
1217 1122 1444 1188 Budaeo
1477 1123 1841 1204 ingenium,
1879 1122 2147 1186 Etasmo

309 1249 558 1316 dicendi
600 1253 777 1341 copia
827 1256 1311 1333 concederetur,
1358 1259 1516 1324 Vivi
1573 1259 1916 1345 judicium,
1985 1256 2149 1345 quod

307 1388 525 1473 quanti
583 1411 647 1452 re
718 1390 784 1452 in
857 1395 1036 1456 omni
1091 1395 1291 1458 valeat
1377 1418 1571 1459 nemo
1609 1396 1899 1484 ignorat,
1962 1394 2151 1458 tribu-

306 1542 450 1586 tum
508 1522 620 1586 est.
683 1522 1041 1593 Occurrunt
1081 1529 1306 1595 deinde
1356 1531 1504 1607 alii,
1554 1554 1619 1596 ut
1656 1533 1968 1615 Johannes
2008 1531 2147 1595 An-

308 1657 481 1722 dreas
533 1659 824 1724 Straneus
880 1662 944 1726 in
984 1666 1393 1731 reconditiore
1435 1667 1755 1733 literatura
1811 1664 2148 1734 versatis-fi-

310 1815 488 1867 mm,
536 1795 915 1887 antiquitatis
986 1802 1323 1888 praesertim
1386 1803 1584 1867 cultor
1658 1804 1918 1868 eximius
1962 1853 1977 1879 ,
2044 1803 2151 1891 qui

310 1929 674 2018 colligendis
728 1937 1036 2001 veteribus
1106 1939 1502 2004 numismatis
1573 1939 1948 2027 diligentem
2001 1962 2147 2027 ope-

311 2086 453 2129 ram
499 2065 950 2154 insumpserat,
1008 2094 1187 2160 atque
1236 2077 1299 2139 in
1323 2076 1438 2139 hac
1471 2077 1811 2142 excolenda
1854 2075 2149 2140 eruditio·

317 2200 412 2265 nis
455 2223 627 2287 parte
682 2205 812 2268 aliis
860 2209 1152 2295 exemplo
1192 2210 1344 2276 fuit.
1398 2211 1576 2276 Tum
1625 2213 1939 2296 Johannes
1988 2213 2156 2298 Bap-

322 2335 460 2399 tista
505 2338 856 2426 AgnefiuS,
922 2346 1014 2406 D.
1066 2347 1495 2435 Hieronymi,
1551 2349 1835 2414 adversus
1903 2347 2156 2411 Erasmi

320 2473 798 2538 obtretstationes
849 2525 865 2551 ,
928 2478 1200 2546 strenuus
1270 2483 1556 2549 defensor
1595 2533 1609 2560 ‚
1679 2487 1758 2552 δί
1831 2483 2148 2567 ,ῘΟΙΊᾶΠΠθῦ

318 2608 593 2696 Baptista
645 2611 934 2676 Cardona
979 2616 1206 2680 Praesul
1269 2617 1729 2707 ampliffimUS,
1770 2620 1873 2708 qui
1918 2617 1992 2683 de
2048 2617 2152 2710 dy·

320 2744 500 2830 pticis
531 2748 1059 2815 commentarium
1111 2753 1378 2842 scripfit,
1418 2756 1871 2843 confiliumque
1927 2754 2005 2819 de
2054 2753 2149 2817 in-

320 2878 625 2948 stituenda
676 2884 1064 2954 Bibliotheca
1129 2890 1202 2955 ad
1254 2892 1629 2982 Philippum
1679 2895 1758 2957 II.
1824 2891 2072 2977 Regem
2109 2889 2152 2985 ’ἶ

1939 3051 2063 3115 quo
