2462 3403
1011 292 1138 360 ωας
1157 291 1384 344 xovn.
1430 291 1555 360 xa

342 421 532 493 tium,
581 419 663 487 ὅζ
710 415 1194 512 disciplinarum
1259 415 1459 488 studia
1527 412 1905 488 traduxerint
1946 466 1963 494 ‚
2031 417 2191 493 illud

339 555 532 620 etiarn
585 554 881 644 Philippo
948 555 1032 620 V.
1103 575 1406 643 regnante
1489 551 1814 639 Hispaniae
1897 553 2188 640 obtigisse

333 695 462 778 jure
511 693 689 756 nobis
736 690 821 757 est
869 690 1339 778 gratulandum,
1390 691 1558 773 cujus
1616 688 1865 775 optima
1923 690 2178 760 iustitu-

334 849 398 894 ta
446 851 593 895 cum
641 825 1022 893 Ferdinandi
1072 828 1191 893 VI.
1252 821 1610 896 admirabili
1668 823 1973 911 sapientia
2030 875 2044 902 ,
2106 827 2188 894 &3

332 963 730 1052 providentia
763 985 909 1029 non
958 962 1167 1027 solum
1214 961 1629 1035 retineantur,
1685 982 2186 1048 augeanturque,

335 1099 441 1165 sed
509 1100 689 1165 novis
749 1100 939 1164 etiam
987 1147 1002 1174 ,
1063 1120 1244 1187 atque
1304 1095 1775 1186 perfeetiotibus
1855 1097 2177 1163 cumulen-

334 1256 468 1312 tur,
523 1236 752 1301 merito
795 1236 939 1300 sane
989 1235 1273 1325 Philippi
1323 1236 1453 1310 V.‚
1505 1234 1584 1302 SC
1646 1233 2032 1300 Ferdinandi
2101 1233 2189 1298 st:-

332 1373 553 1437 culum
622 1371 950 1463 Augusti,
1008 1373 1091 1439 Sc
1137 1369 1449 1437 Ludovici
1497 1369 1771 1442 aetatibus
1832 1389 2190 1436 exterorum

333 1507 722 1573 confessione
758 1556 772 1583 ,
842 1508 921 1578 8<
969 1506 1186 1596 plausu
1235 1503 1686 1594 adnumeratur
1719 1554 1733 1581 ‚
1783 1525 2036 1593 totaque
2084 1527 2193 1594 po-

333 1641 608 1709 steritate
667 1645 743 1711 ad
793 1643 1116 1710 literarum
1165 1640 1349 1718 decus
1380 1689 1396 1719 ,
1466 1642 1548 1708 &e
1590 1642 1867 1729 gloriam
1932 1641 2194 1707 celebra-

348 1779 542 1845 bitur.

475 2054 945 2120 Celeberrimos
1011 2054 1279 2120 demum
1347 2045 1610 2116 invitus'
1653 2072 1840 2138 cogor
1941 2049 2189 2117 fiientio

335 2190 809 2281 praetermittete
881 2191 1200 2280 Hispanos
1299 2188 1700 2277 Scriptore3‚
1766 2187 1867 2275 qui
1942 2210 2194 2253 aetatem

333 2349 652 2393 recentem
695 2327 861 2393 hanc
911 2326 1234 2401 nostram,
1297 2347 1427 2421 non
1488 2323 1616 2389 fine
1687 2345 1918 2417 magua
1977 2326 2192 2398 nemi-

336 2465 426 2529 nis
478 2463 566 2529 sui
620 2464 1188 2530 commendatione
1227 2510 1242 2538 ,
1291 2459 1594 2527 illustrare
1646 2458 1851 2526 adhuc
1895 2481 2186 2549 pergunt.

338 2604 491 2665 Non
539 2599 658 2665 alia
706 2600 785 2666 de
825 2602 1032 2671 causta
1075 2599 1162 2676 ‚id
1218 2599 1420 2664 fateor
1470 2597 1746 2664 evenisse
1780 2645 1797 2674 ‚
1865 2596 1977 2661 nifi
2049 2595 2191 2684 quia

340 2736 635 2825 angustiis
684 2739 978 2825 temporis
1038 2737 1275 2827 pressus
1343 2734 1496 2811 alibgi
1536 2756 1763 2801 .·voc0t
1819 2760 1833 2814 3
1910 2753 2196 2798 verunta-

337 2897 488 2940 men
527 2897 618 2940 ne
666 2875 850 2941 tantis
880 2875 1051 2942 Viris
1097 2874 1199 2943 vel
1228 2874 1379 2945 Ievis
1420 2871 1714 2939 afferatur
1753 2870 2013 2955 injuria,
2054 2889 2190 2933 tum

2030 3023 2099 3069 ut
