2462 3403
1047 305 1409 376 &XV-1385&

287 454 476 522 quam
526 427 689 519 quod
737 428 1171 518 praejudicata,
1229 451 1420 518 quam
1464 426 1621 506 dixi,
1672 431 1894 518 opinio
1938 435 2151 499 multis

286 566 626 657 persuasit,
669 566 883 655 patriis
932 566 1155 632 nostris
1201 567 1443 656 legibus
1493 566 1854 633 libertatem
1911 575 2152 636 co‘e‘tce-

280 705 373 778 ri,
441 726 631 792 quam
689 703 881 769 literae
926 702 1309 782 defiderant;
1368 703 1473 768 sed
1542 702 1855 769 effrenem
1931 704 2154 770 dunta-

280 862 385 906 xat
434 839 759 907 licentiam
805 839 1162 928 amputari,
1202 862 1331 902 non
1371 839 1581 903 minus
1624 840 1780 906 veris
1823 841 2144 906 bonarum

279 977 517 1043 artium
542 1025 557 1052 ,
592 999 666 1042 ac
703 976 1180 1065 disciplinarum
1208 972 1623 1066 progreffibus
1647 1025 1663 1051 ‚
1693 978 1774 1043 SC
1805 999 2142 1041 ornamen-

278 1113 383 1201 tis²
413 1134 608 1203 quam
652 1113 983 1201 religioni,
1007 1114 1088 1180 &C
1117 1134 1376 1177 morum
1410 1111 1733 1179 sanclitati
1781 1113 2148 1191 inimicam,

278 1252 360 1318 Sc
406 1269 910 1339 repugnantem.
960 1251 1263 1314 Demum
1318 1270 1558 1315 certam
1595 1251 1919 1315 rationem
1963 1271 2140 1337 pate-

276 1385 541 1462 faciam,
579 1385 1001 1475 quamobrem
1050 1388 1250 1475 gentis
1284 1384 1503 1450 nostrae
1546 1366 1754 1452 minus
1778 1435 1793 1462 ,
1823 1408 2016 1475 quam
2058 1410 2139 1453 re-

276 1521 596 1610 liquarum
665 1523 1004 1588 nationum
1079 1521 1352 1588 literaria
1415 1543 1841 1587 monumenta
1892 1523 2136 1612 vulgari

274 1657 449 1723 fama
488 1659 916 1725 celebrentur.
959 1659 1146 1725 Licet
1197 1682 1347 1724 vero
1399 1682 1528 1723 non
1580 1680 1955 1725 accuratum
2007 1660 2133 1726 hoc

276 1795 418 1860 loco
451 1818 655 1862 texere
701 1793 983 1861 indicem
1023 1796 1276 1862 animus
1335 1795 1423 1860 est
1463 1795 1860 1884 Scriptorum
1913 1798 2138 1886 Hispa·

276 1954 505 1997 norum
548 1932 575 2018 (
617 1955 824 2020 neque
877 1933 1055 1997 enim
1092 1930 1560 1997 Bibliothecam
1611 1929 2130 1999 instituendam...

278 2067 613 2156 suscipio);
650 2090 867 2133 tamen
923 2069 1156 2156 partim
1215 2067 1651 2157 percensendis
1716 2067 2141 2135 illustriorum

276 2206 674 2293 quorundam
721 2205 1115 2293 Scriptorum
1148 2205 1515 2270 nominibus
1539 2252 1554 2281 ,
1583 2203 2142 2293 partimdeliban-

274 2340 362 2407 dis
412 2343 732 2429 praeeipuis
778 2340 1133 2407 eorundem
1185 2341 1659 2409 commentariis
1693 2388 1708 2416 ,
1751 2339 2135 2428 egregiisvtz

273 2477 341 2541 in
380 2478 850 2567 rempublicam
909 2478 1253 2545 literariam
1326 2480 1565 2544 meritis
1599 2527 1614 2555 ‚
1675 2473 1919 2542 necesse
1971 2475 2136 2542 mihi

274 2615 391 2679 erit
441 2615 503 2680 in
564 2636 633 2679 ea
683 2615 893 2703 prima
939 2637 1116 2704 parte
1163 2616 1377 2706 paullo
1429 2614 1656 2683 diutius
1705 2614 2082 2680 immorari.

1804 2979 1947 3043 His
1931 3001 2039 3068 pa-
