2462 3403
1032 297 1158 367 &⁵331
1181 296 1301 350 XC.
1321 300 1448 369 ὶςξιζψ

309 420 463 487 dum
497 424 515 496 ζ
553 418 931 508 camposque
988 424 1147 512 ipsos
1196 425 1404 510 vitiari
1454 421 1804 487 cernimus,
1851 425 1935 488 Et
1991 422 2138 491 saue

311 579 379 623 ut
442 577 663 622 natura
726 557 902 620 rebus
974 558 1111 647 ipsis
1165 559 1439 625 creandis
1486 606 1503 634 ,
1558 579 1738 645 atque
1795 558 2144 648 fingendi&

311 693 523 781 quibus
554 691 682 755 haec
719 691 1140 778 pulcherrima
1175 693 1561 770 Univerfitas
1594 692 1929 760 efflorescit
1952 744 1968 770 ‚
2004 719 2147 761 con-

315 826 713 893 stantiffimas
762 830 1062 916 quasdam
1116 833 1284 919 leges
1322 831 1639 920 sequitur,
1681 830 1766 894 ita
1820 831 2012 897 etiam
2052 832 2148 897 in-

240 1017 256 1032 „
314 963 542 1030 dustria
600 963 880 1030 humana
948 967 1065 1032 suis
1142 967 1534 1054 perficiendis
1589 967 1885 1056 ‘operibus
1976 968 2154 1034 certis

319 1101 697 1188 quibusdam
752 1103 977 1190 regulis
1025 1101 1316 1167 adstricta
1365 1103 1437 1169 fit
1479 1124 1762 1191 oportet,
1805 1104 2017 1191 quibus
2073 1107 2151 1173 &3

320 1258 665 1300 numerum
703 1284 719 1311 ,
767 1239 846 1304 Sc
895 1238 1132 1326 pondus
1173 1288 1188 1314 ‚
1226 1241 1306 1305 ὃζ
1358 1240 1719 1304 mensuram
1770 1240 2004 1305 tribuat
2065 1239 2170 1303 rei·

314 1371 539 1458 cuique
581 1392 796 1459 aptam
821 1422 835 1448 ,
869 1376 948 1442 8<
990 1397 1444 1462 congruentem
1469 1402 1483 1455 ;
1513 1376 1712 1463 itaque
1749 1376 1841 1440 nil
1877 1398 2152 1463 unquam

318 1506 677 1594 perfectum
709 1556 725 1583 ,
766 1509 1160 1597 numerisque
1203 1512 1492 1576 omnibus
1530 1511 1881 1575 absolutum
1929 1512 2004 1574 ab
2041 1511 2170 1574 h'oss

317 1626 493 1706 mine
534 1642 1060 1730 proficisceretur,
1090 1650 1256 1733 cujus
1300 1621 1635 1734 ingenium
1678 1645 1983 1711 constanti
2025 1646 2157 1711 cui-

322 1777 472 1844 dam
527 1778 988 1865 cogitationum
1033 1779 1232 1846 ordini
1279 1783 1625 1847 obnoxium
1658 1828 1673 1857 ,
1714 1779 2156 1869 adsuetumque

315 1938 447 1979 non
500 1913 689 2002 plane
739 1915 978 1981 fuerit.
1027 1918 1230 2003 Hujus
1283 1941 1502 1985 autem
1563 1916 1920 1982 constantiae
1977 1917 2154 1983 vesti-

317 2050 417 2137 gia
471 2051 690 2115 omnia
739 2052 1038 2139 pervertit
1091 2052 1346 2119 effrenis
1420 2054 1527 2119 illa
1567 2102 1581 2128 ,
1624 2075 1809 2140 quam
1862 2053 2153 2118 nonnulli

317 2185 609 2252 inducere
658 2187 896 2253 vellent
930 2239 946 2265 ‚
986 2190 1341 2279 cogitandi,
1391 2190 1814 2277 scribendique
1861 2191 2153 2256 licentia.

315 2322 629 2418 Quocirca
696 2325 971 2403 multaS,
1025 2327 1533 2416 immortalesque
1600 2327 1820 2415 gratias
1879 2327 2154 2415 Hispani

318 2456 618 2524 debemus
671 2459 964 2549 supremo
997 2463 1421 2552 Qaefitorum
1485 2462 1633 2529 fidei
1664 2463 1999 2538 Concili0,
2044 2463 2148 2551 qui

313 2593 667 2660 admirabili
703 2598 1097 2684 providentia
1139 2601 1530 2669 teterrimam
1563 2599 1804 2689 pestem
1834 2600 2013 2664 illam
2045 2597 2154 2663 du-

313 2729 466 2794 dum
517 2755 552 2795 a
599 2734 939 2799 cervicibus
980 2736 1197 2801 nostris
1253 2735 1664 2825 depulerunt.
1709 2736 2003 2825 erum
2045 2755 2148 2798 cu-

313 2887 392 2930 rae
438 2878 659 2936 omnes
687 2919 704 2947 ,
747 2873 825 2939 8<
875 2873 1128 2939 confilia
1176 2896 1250 2939 eo
1302 2873 1641 2962 evigilant,
1690 2893 1757 2939 ut
1800 2872 1878 2938 ab
1915 2869 2148 2958 Hispa-

1935 3008 2052 3074 niae
