2462 3403
955 311 1080 380 φὶ(
1093 309 1363 376 xxxvr
1381 307 1506 375 ἔξω.»

560 437 843 504 Αὲὶεηυε
889 431 1545 524 praestantissimorum
1606 427 1892 492 virorum
1935 476 1951 500 ‚
2016 428 2121 513 qui

603 573 1018 660 superioribus
1070 568 1282 633 seculis
1352 588 1488 629 rem
1539 562 1875 629 literariam
1952 561 2127 649 edi-tis

286 709 711 777 monumentis
759 706 1184 778 illustrarunt,
1235 701 1468 776 studia,
1528 698 1928 773 docuinam,
1993 720 2127 762 eru-

285 847 590 912 ditionem
662 845 729 907 in
783 816 972 908 oculis
1017 891 1033 919 ,
1090 836 1554 926 conspecmque
1598 834 1899 900 omnium
1946 855 2132 920 expo-

289 1004 442 1047 nere
487 979 693 1046 conati
737 980 980 1056 sumus;
1035 973 1338 1063 siquidem
1399 972 1531 1036 haec
1582 965 1901 1060 aptiffima
1961 968 2132 1034 visa..

294 1117 440 1181 sunt
477 1115 554 1180 ad
593 1113 1097 1179 confirmandam
1154 1108 1514 1196 Hispanicae
1559 1105 1759 1194 gentis
1822 1106 1888 1168 in
1939 1104 2135 1169 scien⁴

298 1252 434 1326 tiis,
479 1252 561 1317 SC
613 1250 791 1315 bonis
842 1250 1064 1314 artibus
1116 1242 1467 1311 excolendis
1532 1239 1907 1308 industriam
1943 1289 1959 1316 ,
2036 1261 2134 1304 eo-

296 1409 558 1474 rumque
598 1386 973 1474 opinionem
1009 1380 1468 1455 refellendam,
1518 1378 1618 1466 qui
1673 1373 2138 1466 amplissimam

297 1522 476 1586 illam
516 1520 840 1609 regionem
884 1520 1147 1585 tenebris
1199 1515 1471 1603 undique
1533 1513 1967 1602 conspersam,
2009 1512 2139 1577 bar-

302 1655 581 1745 barisque
622 1656 867 1745 semper
920 1655 1199 1721 moribus
1264 1650 1663 1739 implicatam
1721 1645 1900 1713 fuisse
1960 1647 2140 1713 diffi-

304 1813 434 1857 tare
494 1791 754 1867 audent.
821 1791 952 1882 Qi
1007 1789 1294 1880 profe&o
1355 1788 1400 1852 fi
1459 1786 1533 1851 ad
1578 1785 2015 1850 celeberrimas
2076 1758 2154 1848 os

304 1926 420 1991 lim
472 1927 794 2016 Hispaniae
848 1927 1230 1993 Academias
1267 1973 1281 1999 ,
1337 1922 1499 1988 unde
1559 1921 1794 1986 summi
1846 1922 1913 1985 in
1958 1921 2137 1984 omni

306 2060 740 2128 doetrinarum
788 2083 1010 2151 genere
1059 2061 1340 2127 auc'tores
1389 2058 1748 2147 prodierunt
1780 2105 1796 2132 ‚
1845 2058 1926 2123 SC
1968 2057 2138 2121 uber·

311 2197 476 2262 rima
518 2198 824 2263 librorum
883 2196 1047 2286 seges
1103 2216 1418 2286 procreata
1467 2191 1592 2268 est,
1647 2193 1936 2256 animum
1991 2215 2140 2257 con-

311 2354 663 2411 verterent,
729 2357 858 2399 non
909 2354 1039 2398 tam
1072 2332 1254 2398 facile
1286 2332 1352 2394 in
1389 2328 1557 2393 hanc
1594 2328 1966 2417 iniquiorem
2015 2327 2142 2393 sen-

313 2469 580 2534 tentiam
634 2468 880 2535 adducti
919 2467 1210 2535 fuissent.
1255 2468 1479 2553 Neque
1528 2465 1752 2530 desunt
1790 2485 2144 2530 exterorum

316 2603 673 2670 testimonia
707 2607 785 2671 ab
811 2605 990 2669 omni
1039 2604 1384 2694 suspicione
1425 2625 1660 2677 vacua,·
1711 2601 1928 2689 quibus
1968 2623 2141 2666 com·

317 2760 566 2826 pertum
627 2741 893 2807 omnino
937 2740 1046 2816 fit,
1097 2762 1288 2831 quam
1355 2727 1794 2805 sublimiorum
1865 2737 2144 2826 ingeniov-

320 2894 469 2939 tum
521 2875 692 2945 ferax
765 2875 946 2944 fuerit
1005 2876 1353 2968 Hispanica
1411 2877 1628 2942 tellus.
1701 2876 1849 2942 Sive
1910 2873 2172 2943 enim...

1834 3010 2050 3086 Italos,
